@string{jdg="Journal of Differential Geometry"}
@string{jams="Journal of the American Mathematical Society"}
@string{mrl="Mathematical Research Letters"}
@string{skd="S. K. Donaldson"}
@string{pbk="P. B. Kronheimer"}
@string{tsm="T. S. Mrowka"}
@string{jwm="J. W. Morgan"}
@string{cht="C. H. Taubes"}
@string{pup="Princeton University Press"} 
@string{sv="Springer-Verlag"}
@string{eprint="note"}


 
@misc{arXiv-template,
    title = {{Title}},
    author = {Authors},
    note = { arXiv:math/ }}




@misc{Bryan-Steinberg,
    title = {{Curve counting invariants for crepant resolutions}},
    author = {Jim Bryan and David Steinberg},
    note = {To appear in {\em Transactions of the AMS}, arXiv:math/}}



@book {Stanley-Enumerative-Combinatorics,
    AUTHOR = {Stanley, Richard P.},
     TITLE = {Enumerative combinatorics. {V}olume 1},
    SERIES = {Cambridge Studies in Advanced Mathematics},
    VOLUME = {49},
   EDITION = {Second},
 PUBLISHER = {Cambridge University Press},
   ADDRESS = {Cambridge},
      YEAR = {2012},
     PAGES = {xiv+626},
      ISBN = {978-1-107-60262-5},
   MRCLASS = {05-02 (05A15 06-02)},
  MRNUMBER = {2868112},
}

@misc{Bryan-Morrison,
    title = {{Motivic Classes of Commuting Varieties via Power Structures}},
    author = {Bryan, Jim and Morrison, Andrew},
    note = { To appear in \emph{Journal of Algebraic Geometry}, arXiv:math/1206.5864 }}

@article {Behrend-Dhillon,
    AUTHOR = {Behrend, Kai and Dhillon, Ajneet},
     TITLE = {On the motivic class of the stack of bundles},
   JOURNAL = {Adv. Math.},
  FJOURNAL = {Advances in Mathematics},
    VOLUME = {212},
      YEAR = {2007},
    NUMBER = {2},
     PAGES = {617--644},
      ISSN = {0001-8708},
     CODEN = {ADMTA4},
   MRCLASS = {14D20 (14A20 14C35 14H60)},
  MRNUMBER = {2329314 (2008d:14016)},
MRREVIEWER = {Takao Yamazaki},
       DOI = {10.1016/j.aim.2006.11.003},
       URL = {http://dx.doi.org/10.1016/j.aim.2006.11.003},
}


@misc{Ekedahl1,
    title = {{The Grothendieck group of algebraic stacks}},
    author = {Torsten Ekedahl},
    note = { arXiv:math/0903.3143 }}

@misc{Ekedahl2,
    title = {{A geometric invariant of a finite group}},
    author = {Torsten Ekedahl},
    note = { arXiv:math/0903.3148 }}


 
@article {Marian-Oprea-Pandharipande,
    AUTHOR = {A. Marian, D. Oprea and R. Pandharipande},
     TITLE = {The moduli space of stable quotients},
   JOURNAL = {Geom. Top.},
  FJOURNAL = {Geometry and Topology},
    VOLUME = {15},
      YEAR = {2011},
     PAGES = {1651--1706},
}

 
 
 
@misc{Kim-Kresch-Oh,
    title = {{A compactification of the space of maps from curves}},
    author = {Bumsig Kim, Andrew Kresch, Yong-Geun Oh},
    note = { arXiv:math/1105.6143 }}
 
 
@misc{Alper-Smyth-van-der-Wyck,
    title = {{Weakly proper moduli stacks of curves}},
    author = {Jarod Alper, David Ishii Smyth, Frederick van der Wyck},
    note = { arXiv:math/1012.0538 }}
 
@misc{Zheng-Hua,
    title = {{Chern-Simons functions on toric Calabi-Yau threefolds and Donaldson-Thomas theory}},
    author = {Zheng Hua},
    note = { arXiv:math/1103.1921 }}

 
@misc{Davison-Meinhardt,
    title = {{Motivic DT-invariants for the one loop quiver with potential}},
    author = {Ben Davison, Sven Meinhardt},
    note = { arXiv:math/1108.5956 }}

 
@misc{Nagao-Wall-crossing,
    title = {{Wall-crossing of the motivic Donaldson-Thomas invariants}},
    author = {Kentaro Nagao},
    note = { arXiv:math/1103.2922 }}

 
@misc{Mozgovoy-McKay,
    title = {{Motivic Donaldson-Thomas invariants and McKay correspondence}},
    author = {Mozgovoy},
    note = { arXiv:math/1107.6044 }}
 


@misc{Mozgovoy-wall-crossing,
    title = {{Wall-crossing formulas for framed objects}},
    author = {Mozgovoy},
    note = { arXiv:math/1104.4335 }}
 
 
@misc{Morrison-Mozgovoy-Nagao-Szendroi,
    title = {{Motivic Donaldson-Thomas invariants of the conifold and the refined topological vertex}},
    author = {Andrew Morrison, Sergey Mozgovoy, Kentaro Nagao, Balazs Szendroi},
    note = { arXiv:math/1107.5017 }}
 
@article {Morrison-dimensional-reduction,
    AUTHOR = {Morrison, Andrew},
     TITLE = {Motivic invariants of quivers via dimensional reduction},
   JOURNAL = {Selecta Math. (N.S.)},
  FJOURNAL = {Selecta Mathematica. New Series},
    VOLUME = {18},
      YEAR = {2012},
    NUMBER = {4},
     PAGES = {779--797},
      ISSN = {1022-1824},
     CODEN = {SMATF6},
   MRCLASS = {16G20 (14N35)},
  MRNUMBER = {3000467},
      note = { arXiv:math/1103.3819 },
       DOI = {10.1007/s00029-011-0081-z},
       URL = {http://dx.doi.org.ezproxy.library.ubc.ca/10.1007/s00029-011-0081-z},
}


 
@misc{Morrison-Nagao,
    title = {{Motivic Donaldson-Thomas invariants of toric small crepant resolutions}},
    author = {Andrew Morrison and Kentaro Nagao},
    note = { arXiv:math/1110.5976 }}


@article{Bryan-Cadman-Young,
title = "The orbifold topological vertex",
journal = "Advances in Mathematics",
volume = "229",
number = "1",
pages = "531 - 595",
year = "2012",
note = "",
issn = "0001-8708",
author = "Jim Bryan and Charles Cadman and Ben Young",
keywords = "Donaldson-Thomas",
keywords = "Orbifold",
keywords = "Calabi-Yau",
note = {arXiv:math/1008.4205}
}

 
@misc{Zhou-GW-NCDT,
    title = {{Crepant Resolutions, Quivers and GW/NCDT Duality}},
    author = {Jian Zhou},
    note = { arXiv:math/0907.0135  }}
 
@misc{Nagao-NCDT-smallcrepant,
    title = {{Refined open non-commutative Donaldson-Thomas invariants for small crepant resolutions}},
    author = {Kentaro Nagao},
    note = { arXiv:math/0907.3784 }}
 
@misc{Nagao-NCDT-vertex,
    title = {{Non-commutative Donaldson-Thomas theory and vertex operators}},
    author = {Kentaro Nagao},
    note = { arXiv:math/0910.5477 }}

@article {Mozgovoy-Reineke,
    AUTHOR = {Mozgovoy, Sergey and Reineke, Markus},
     TITLE = {On the noncommutative {D}onaldson-{T}homas invariants arising
              from brane tilings},
   JOURNAL = {Adv. Math.},
  FJOURNAL = {Advances in Mathematics},
    VOLUME = {223},
      YEAR = {2010},
    NUMBER = {5},
     PAGES = {1521--1544},
      ISSN = {0001-8708},
     CODEN = {ADMTA4},
   MRCLASS = {16G20 (16E30 52C22)},
  MRNUMBER = {2592501 (2011e:16026)},
       DOI = {10.1016/j.aim.2009.10.001},
       URL = {http://dx.doi.org/10.1016/j.aim.2009.10.001},
}



 
@misc{Toda-NCDTflop,
    title = {{Curve counting theories via stable objects II: DT/ncDT/flop formula}},
    author = {Yukinobu Toda},
    note = { arXiv:math/0909.5129 }}



@article {Tseng-GandT,
    AUTHOR = {Tseng, Hsian-Hua},
     TITLE = {Orbifold quantum {R}iemann-{R}och, {L}efschetz and {S}erre},
   JOURNAL = {Geom. Topol.},
  FJOURNAL = {Geometry \& Topology},
    VOLUME = {14},
      YEAR = {2010},
    NUMBER = {1},
     PAGES = {1--81},
      ISSN = {1465-3060},
   MRCLASS = {53D45 (14N35)},
  MRNUMBER = {2578300},
       DOI = {10.2140/gt.2010.14.1},
       URL = {http://dx.doi.org/10.2140/gt.2010.14.1},
}
 
@misc{Coates-Ititani-communication,
    title = {{Personal communication}},
    author = {Tom Coates and Hiroshi Iritani}
    }


@article {Toen,
    AUTHOR = {Toen, B.},
     TITLE = {Th\'eor\`emes de {R}iemann-{R}och pour les champs de
              {D}eligne-{M}umford},
   JOURNAL = {$K$-Theory},
  FJOURNAL = {$K$-Theory. An Interdisciplinary Journal for the Development,
              Application, and Influence of $K$-Theory in the Mathematical
              Sciences},
    VOLUME = {18},
      YEAR = {1999},
    NUMBER = {1},
     PAGES = {33--76},
      ISSN = {0920-3036},
     CODEN = {KTHEEO},
   MRCLASS = {14C40 (19E08 19L47)},
  MRNUMBER = {1710187 (2000h:14010)},
MRREVIEWER = {Burt Totaro},
       DOI = {10.1023/A:1007791200714},
       URL = {http://dx.doi.org/10.1023/A:1007791200714},
}

@article{Ok-Re,
  title={{Correlation function of Schur process with application to local geometry of a random 3-dimensional Young diagram}},
  author={Okounkov, A. and Reshetikhin, N.},
  journal={Journal of the American Mathematical Society},
  volume={16},
  number={3},
  pages={581--603},
  year={2003},
  publisher={American Mathematical Society}
}

@article{Ok-Re-Pearcy,
  title={{Random skew plane partitions and the Pearcey process}},
  author={Okounkov, A. and Reshetikhin, N.},
  journal={Communications in Mathematical Physics},
  volume={269},
  number={3},
  pages={571--609},
  year={2007},
  publisher={Springer}
}


@book{ECII,
  title={{Enumerative combinatorics}},
  author={Stanley, R.P.},
  year={2001},
  publisher={Cambridge Univ Pr}
}

 
@misc{Davison,
    title = {{Invariance of orientation data for ind-constructible
Calabi-Yau $A_{\infty}$ categories under derived equivalence}},
    author = {Ben Davison},
    note = { arXiv:1006.5475 }}


@article {Mustonen-Rajesh,
    AUTHOR = {Mustonen, Ville and Rajesh, R.},
     TITLE = {Numerical estimation of the asymptotic behaviour of solid
              partitions of an integer},
   JOURNAL = {J. Phys. A},
  FJOURNAL = {Journal of Physics. A. Mathematical and General},
    VOLUME = {36},
      YEAR = {2003},
    NUMBER = {24},
     PAGES = {6651--6659},
      ISSN = {0305-4470},
     CODEN = {JPHAC5},
   MRCLASS = {05A16 (05A17 82-04 82B41)},
  MRNUMBER = {MR2004301},
       DOI = {10.1088/0305-4470/36/24/304},
       URL = {http://dx.doi.org/10.1088/0305-4470/36/24/304},
}

 
@misc{AMorrison,
    author = {Andrew Morrison},
    note = { PhD thesis, UBC. In preparation}}

@article {Villamayor,
    AUTHOR = {Villamayor U., O. E.},
     TITLE = {Patching local uniformizations},
   JOURNAL = {Ann. Sci. \'Ecole Norm. Sup. (4)},
  FJOURNAL = {Annales Scientifiques de l'\'Ecole Normale Sup\'erieure.
              Quatri\`eme S\'erie},
    VOLUME = {25},
      YEAR = {1992},
    NUMBER = {6},
     PAGES = {629--677},
      ISSN = {0012-9593},
     CODEN = {ASENAH},
   MRCLASS = {14E15 (14E40)},
  MRNUMBER = {MR1198092 (93m:14012)},
MRREVIEWER = {Vincent Cossart},
       URL = {http://www.numdam.org/item?id=ASENS_1992_4_25_6_629_0},
}

 
@misc{Bridgeland-intro,
    title = {{An introduction to motivic Hall algebras}},
    author = {Tom Bridgeland},
    note = { arXiv:math/1002.4372}}

 
@misc{Reineke,
    title = {{Poisson automorphisms and quiver moduli}},
    author = {Markus Reineke},
    note = { arXiv:math/0804.3214 }}

 
@misc{Hausel-Letellier-Rodriguez-Villegas,
    title = {{Arithmetic harmonic analysis on character and quiver varieties.}},
    author = {T. Hausel and E. Letellier and F. Rodriguez-Villegas},
    note = { arXiv:math/0810.2076}}

 
@misc{Joyce-Song,
    title = {{A theory of generalized Donaldson-Thomas invariants}},
    author = {Dominic Joyce and Yinan Song},
    note = { arXiv:math/0810.5645}}

 
@misc{KS_new,
    title = {{Cohomological Hall algebra, exponential Hodge structures and motivic
Donaldson--Thomas invariants}},
    author = {Maxim Kontsevich and Yan Soibelman},
    note = {arXiv:1006.2706 }}



@article {Bittner-motivic,
    AUTHOR = {Bittner, Franziska},
     TITLE = {On motivic zeta functions and the motivic nearby fiber},
   JOURNAL = {Math. Z.},
  FJOURNAL = {Mathematische Zeitschrift},
    VOLUME = {249},
      YEAR = {2005},
    NUMBER = {1},
     PAGES = {63--83},
      ISSN = {0025-5874},
     CODEN = {MAZEAX},
   MRCLASS = {14F42 (14G10 32S30)},
  MRNUMBER = {MR2106970 (2006g:14037)},
MRREVIEWER = {Julien Sebag},
       DOI = {10.1007/s00209-004-0689-1},
       URL = {http://dx.doi.org/10.1007/s00209-004-0689-1},
}
		
@article {Bittner-universal,
    AUTHOR = {Bittner, Franziska},
     TITLE = {The universal {E}uler characteristic for varieties of
              characteristic zero},
   JOURNAL = {Compos. Math.},
  FJOURNAL = {Compositio Mathematica},
    VOLUME = {140},
      YEAR = {2004},
    NUMBER = {4},
     PAGES = {1011--1032},
      ISSN = {0010-437X},
   MRCLASS = {14F42 (14C35 14E05)},
  MRNUMBER = {MR2059227 (2005d:14031)},
MRREVIEWER = {Thomas Geisser},
       DOI = {10.1112/S0010437X03000617},
       URL = {http://dx.doi.org/10.1112/S0010437X03000617},
}
 
@incollection {Denef-Loeser-geometry,
    AUTHOR = {Denef, Jan and Loeser, Fran{\c{c}}ois},
     TITLE = {Geometry on arc spaces of algebraic varieties},
 BOOKTITLE = {European {C}ongress of {M}athematics, {V}ol. {I} ({B}arcelona,
              2000)},
    SERIES = {Progr. Math.},
    VOLUME = {201},
     PAGES = {327--348},
 PUBLISHER = {Birkh\"auser},
   ADDRESS = {Basel},
      YEAR = {2001},
   MRCLASS = {14F43 (14B05 14B10)},
  MRNUMBER = {MR1905328 (2004c:14037)},
MRREVIEWER = {Willem Veys},
}
		
@article {Denef-Loeser-Thom,
    AUTHOR = {Denef, Jan and Loeser, Fran{\c{c}}ois},
     TITLE = {Motivic exponential integrals and a motivic
              {T}hom-{S}ebastiani theorem},
   JOURNAL = {Duke Math. J.},
  FJOURNAL = {Duke Mathematical Journal},
    VOLUME = {99},
      YEAR = {1999},
    NUMBER = {2},
     PAGES = {285--309},
      ISSN = {0012-7094},
     CODEN = {DUMJAO},
   MRCLASS = {14C30 (11G35 14A20 14C15 14D07 14G99 32S35)},
  MRNUMBER = {MR1708026 (2000k:14006)},
MRREVIEWER = {Jos{\'e} Ignacio Burgos Gil},
       DOI = {10.1215/S0012-7094-99-09910-6},
       URL = {http://dx.doi.org/10.1215/S0012-7094-99-09910-6},
}
		
@article {Denef-Loeser-Igusa,
    AUTHOR = {Denef, Jan and Loeser, Fran{\c{c}}ois},
     TITLE = {Motivic {I}gusa zeta functions},
   JOURNAL = {J. Algebraic Geom.},
  FJOURNAL = {Journal of Algebraic Geometry},
    VOLUME = {7},
      YEAR = {1998},
    NUMBER = {3},
     PAGES = {505--537},
      ISSN = {1056-3911},
   MRCLASS = {14G10 (11S80 14F20)},
  MRNUMBER = {MR1618144 (99j:14021)},
MRREVIEWER = {Willem Veys},
}

@article {Dimofte-Gukov,
    AUTHOR = {Dimofte, Tudor and Gukov, Sergei},
     TITLE = {Refined, motivic, and quantum},
   JOURNAL = {Lett. Math. Phys.},
  FJOURNAL = {Letters in Mathematical Physics. A Journal for the Rapid
              Dissemination of Short Contributions in the Field of
              Mathematical Physics},
    VOLUME = {91},
      YEAR = {2010},
    NUMBER = {1},
     PAGES = {1--27},
      ISSN = {0377-9017},
     CODEN = {LMPHDY},
   MRCLASS = {81T30 (14N35)},
  MRNUMBER = {MR2577296},
       DOI = {10.1007/s11005-009-0357-9},
       URL = {http://dx.doi.org/10.1007/s11005-009-0357-9},
}


@article {Dimca-Szendroi,
    AUTHOR = {Dimca, Alexandru and Szendr{\H{o}}i, Bal{\'a}zs},
     TITLE = {The {M}ilnor fibre of the {P}faffian and the {H}ilbert scheme
              of four points on {$\Bbb C^3$}},
   JOURNAL = {Math. Res. Lett.},
  FJOURNAL = {Mathematical Research Letters},
    VOLUME = {16},
      YEAR = {2009},
    NUMBER = {6},
     PAGES = {1037--1055},
      ISSN = {1073-2780},
   MRCLASS = {32Sxx (14Cxx)},
  MRNUMBER = {MR2576692},
}

@misc{GZ-L-MH-stacks,
    title = {{On the pre-lambda ring structure on the Grothendieck ring of stacks and the power structures over it}},
    author = {Gusein-Zade, S. M. and Luengo, I. and Melle-Hern{\'a}ndez, A.},
    note = { arXiv:math/1008.5063 }}





@article {GZ-L-MH-Integration,
    AUTHOR = {Gusein-Zade, S. M. and Luengo, I. and
              Melle-Hern{\'a}ndez, A.},
     TITLE = {Integration over a space of non-parametrized arcs, and motivic
              analogues of the monodromy zeta function},
   JOURNAL = {Tr. Mat. Inst. Steklova},
  FJOURNAL = {Trudy Matematicheskogo Instituta Imeni V. A. Steklova.
              Rossi\u\i skaya Akademiya Nauk},
    VOLUME = {252},
      YEAR = {2006},
    NUMBER = {Geom. Topol., Diskret. Geom. i Teor. Mnozh.},
     PAGES = {71--82},
      ISSN = {0371-9685},
   MRCLASS = {14G10 (14C35 14F99)},
  MRNUMBER = {2255970 (2007k:14033)},
MRREVIEWER = {Julia Gordon},
}

@article {GZ-L-MH-Hilb,
    AUTHOR = {Gusein-Zade, S. M. and Luengo, I. and Melle-Hern{\'a}ndez, A.},
     TITLE = {Power structure over the {G}rothendieck ring of varieties and
              generating series of {H}ilbert schemes of points},
   JOURNAL = {Michigan Math. J.},
  FJOURNAL = {The Michigan Mathematical Journal},
    VOLUME = {54},
      YEAR = {2006},
    NUMBER = {2},
     PAGES = {353--359},
      ISSN = {0026-2285},
   MRCLASS = {14C05 (14C35)},
  MRNUMBER = {MR2252764 (2007h:14005)},
MRREVIEWER = {Julien Sebag},
       DOI = {10.1307/mmj/1156345599},
       URL = {http://dx.doi.org/10.1307/mmj/1156345599},
}
		
@article {GZ-L-MH-power,
    AUTHOR = {Gusein-Zade, S. M. and Luengo, I. and Melle-Hern{\'a}ndez, A.},
     TITLE = {A power structure over the {G}rothendieck ring of varieties},
   JOURNAL = {Math. Res. Lett.},
  FJOURNAL = {Mathematical Research Letters},
    VOLUME = {11},
      YEAR = {2004},
    NUMBER = {1},
     PAGES = {49--57},
      ISSN = {1073-2780},
   MRCLASS = {14G10 (14C35 19E99)},
  MRNUMBER = {MR2046199 (2004m:14038)},
MRREVIEWER = {Dirk Segers},
}


@article {Looijenga-motivic,
    AUTHOR = {Looijenga, Eduard},
     TITLE = {Motivic measures},
      NOTE = {S{\'e}minaire Bourbaki, Vol. 1999/2000},
   JOURNAL = {Ast\'erisque},
  FJOURNAL = {Ast\'erisque},
    NUMBER = {276},
      YEAR = {2002},
     PAGES = {267--297},
      ISSN = {0303-1179},
   MRCLASS = {14D10 (11S40 14A20 14G99)},
  MRNUMBER = {MR1886763 (2003k:14010)},
MRREVIEWER = {Dan Abramovich},
}

@book {MacMahon,
    AUTHOR = {MacMahon, Percy A.},
     TITLE = {Combinatory analysis},
    SERIES = {Two volumes (bound as one)},
 PUBLISHER = {Chelsea Publishing Co.},
   ADDRESS = {New York},
      YEAR = {1960},
     PAGES = {xix+302+xix+340},
   MRCLASS = {05.00 (01.60)},
  MRNUMBER = {MR0141605 (25 \#5003)},
MRREVIEWER = {T. H. Southard},
}


@article {Okounkov-Reshe-skew,
    AUTHOR = {Okounkov, Andrei and Reshetikhin, Nicolai},
     TITLE = {Random skew plane partitions and the {P}earcey process},
   JOURNAL = {Comm. Math. Phys.},
  FJOURNAL = {Communications in Mathematical Physics},
    VOLUME = {269},
      YEAR = {2007},
    NUMBER = {3},
     PAGES = {571--609},
      ISSN = {0010-3616},
     CODEN = {CMPHAY},
   MRCLASS = {60D05 (05A17 05B45 60C05 82B41)},
  MRNUMBER = {MR2276355 (2008c:60007)},
MRREVIEWER = {Dimitri Petritis},
       DOI = {10.1007/s00220-006-0128-8},
       URL = {http://dx.doi.org/10.1007/s00220-006-0128-8},
}


@incollection {Simpson-Hodge,
    AUTHOR = {Simpson, Carlos},
     TITLE = {The {H}odge filtration on nonabelian cohomology},
 BOOKTITLE = {Algebraic geometry---{S}anta {C}ruz 1995},
    SERIES = {Proc. Sympos. Pure Math.},
    VOLUME = {62},
     PAGES = {217--281},
 PUBLISHER = {Amer. Math. Soc.},
   ADDRESS = {Providence, RI},
      YEAR = {1997},
   MRCLASS = {14F99 (14C30 14D20 32J25 32J27 53C55)},
  MRNUMBER = {MR1492538 (99g:14028)},
MRREVIEWER = {Nitin Nitsure},
}

@misc{Getzler-mixed-hodge,
    title = {{Mixed Hodge structures of configuration spaces}},
    author = {Ezra Getzler},
    note = { arXiv:math/9510018}}

@article {Bialynicki-Birula,
    AUTHOR = {Bia{\l}ynicki-Birula, A.},
     TITLE = {Some theorems on actions of algebraic groups},
   JOURNAL = {Ann. of Math. (2)},
  FJOURNAL = {Annals of Mathematics. Second Series},
    VOLUME = {98},
      YEAR = {1973},
     PAGES = {480--497},
      ISSN = {0003-486X},
   MRCLASS = {14M15 (14L99)},
  MRNUMBER = {MR0366940 (51 \#3186)},
MRREVIEWER = {Birger Iversen},
}

@article {Behrend-Bryan-Szendroi,
    AUTHOR = {Behrend, Kai and Bryan, Jim and Szendr{\H{o}}i, Bal{\'a}zs},
     TITLE = {Motivic degree zero {D}onaldson-{T}homas invariants},
   JOURNAL = {Invent. Math.},
  FJOURNAL = {Inventiones Mathematicae},
    VOLUME = {192},
      YEAR = {2013},
    NUMBER = {1},
     PAGES = {111--160},
      ISSN = {0020-9910},
     CODEN = {INVMBH},
   MRCLASS = {14N35 (14C05)},
  MRNUMBER = {3032328},
note = { arXiv:math/0909.5088},
       DOI = {10.1007/s00222-012-0408-1},
       URL = {http://dx.doi.org.ezproxy.library.ubc.ca/10.1007/s00222-012-0408-1},
}
 
@article {Bryan-Gholampour4,
    AUTHOR = {Bryan, Jim and Gholampour, Amin},
     TITLE = {B{PS} invariants for resolutions of polyhedral singularities},
   JOURNAL = {Selecta Math. (N.S.)},
  FJOURNAL = {Selecta Mathematica. New Series},
    VOLUME = {15},
      YEAR = {2009},
    NUMBER = {4},
     PAGES = {521--533},
      ISSN = {1022-1824},
     CODEN = {SMATF6},
   MRCLASS = {14N35 (14B05)},
  MRNUMBER = {MR2565049},
       DOI = {10.1007/s00029-009-0006-2},
       URL = {http://dx.doi.org/10.1007/s00029-009-0006-2},
}
	


@article {Iritani-integral,
    AUTHOR = {Iritani, Hiroshi},
     TITLE = {An integral structure in quantum cohomology and mirror
              symmetry for toric orbifolds},
   JOURNAL = {Adv. Math.},
  FJOURNAL = {Advances in Mathematics},
    VOLUME = {222},
      YEAR = {2009},
    NUMBER = {3},
     PAGES = {1016--1079},
      ISSN = {0001-8708},
     CODEN = {ADMTA4},
   MRCLASS = {53D37 (14J33 14N35 53D45)},
  MRNUMBER = {2553377 (2010j:53182)},
MRREVIEWER = {Hsian-Hua Tseng},
       DOI = {10.1016/j.aim.2009.05.016},
       URL = {http://dx.doi.org/10.1016/j.aim.2009.05.016},
    note = { arXiv:math/0903.1463 }
}
	 


@article {Chen-Tseng-orbiBKR,
    AUTHOR = {Chen, Jiun-Cheng and Tseng, Hsian-Hua},
     TITLE = {A note on derived {M}c{K}ay correspondence},
   JOURNAL = {Math. Res. Lett.},
  FJOURNAL = {Mathematical Research Letters},
    VOLUME = {15},
      YEAR = {2008},
    NUMBER = {3},
     PAGES = {435--445},
      ISSN = {1073-2780},
   MRCLASS = {14A20 (14D20 14F05 18E30)},
  MRNUMBER = {MR2407221 (2009e:14002)},
MRREVIEWER = {I. Dolgachev},
note = {arXiv:math/0609737}
}

@misc{Bryan-Cadman-Young-DTCRC,
    title = {{The crepant resolution conjecture in Donaldson-Thomas theory}},
    author = {Jim Bryan, Ben Young, Charles Cadman},
    note = { In preparation.}}

 
@article {Lojasiewicz,
   AUTHOR = {Lojasiewicz, S.},
    TITLE = {Triangulation of semi-analytic sets},
  JOURNAL = {Ann. Scuola Norm. Sup. Pisa (3)},
   VOLUME = {18},
     YEAR = {1964},
    PAGES = {449--474},
  MRCLASS = {32.25},
 MRNUMBER = {MR0173265 (30 \#3478)},
MRREVIEWER = {S. S. Cairns},
}
 
@book {Dimca-singularities,
   AUTHOR = {Dimca, Alexandru},
    TITLE = {Singularities and topology of hypersurfaces},
   SERIES = {Universitext},
PUBLISHER = {Springer-Verlag},
  ADDRESS = {New York},
     YEAR = {1992},
    PAGES = {xvi+263},
     ISBN = {0-387-97709-0},
  MRCLASS = {32Sxx (14J70 32S25 32S50 57M25 57R45 58C27)},
 MRNUMBER = {MR1194180 (94b:32058)},
MRREVIEWER = {Aleksandr G. Aleksandrov},
}

@incollection {Hironaka,
   AUTHOR = {Hironaka, Heisuke},
    TITLE = {Triangulations of algebraic sets},
BOOKTITLE = {Algebraic geometry ({P}roc. {S}ympos. {P}ure {M}ath., {V}ol.
             29, {H}umboldt {S}tate {U}niv., {A}rcata, {C}alif., 1974)},
    PAGES = {165--185},
PUBLISHER = {Amer. Math. Soc.},
  ADDRESS = {Providence, R.I.},
     YEAR = {1975},
  MRCLASS = {14B99 (32B20 57C15)},
 MRNUMBER = {MR0374131 (51 \#10331)},
MRREVIEWER = {Andre Galligo},
}

@misc{Zhou-An,
    title = {{Crepant resolution conjecture in all genera for type A singularities}},
    author = {Jian Zhou},
    note = { arXiv:0811.2023 }}
 

@article {Bridgeland,
    AUTHOR = {Bridgeland, Tom},
     TITLE = {Stability conditions on triangulated categories},
   JOURNAL = {Ann. of Math. (2)},
  FJOURNAL = {Annals of Mathematics. Second Series},
    VOLUME = {166},
      YEAR = {2007},
    NUMBER = {2},
     PAGES = {317--345},
      ISSN = {0003-486X},
     CODEN = {ANMAAH},
   MRCLASS = {14F05 (18E30)},
  MRNUMBER = {MR2373143 (2009c:14026)},
MRREVIEWER = {Leovigildo M. Alonso Tarrio},
}
 
@misc{arXiv-template,
    title = {{Title}},
    author = {Authors},
    note = { arXiv:math/ }}
 
@article {Szendroi-GT,
    AUTHOR = {Szendr{\H{o}}i, Bal{\'a}zs},
     TITLE = {Non-commutative {D}onaldson-{T}homas invariants and the
              conifold},
   JOURNAL = {Geom. Topol.},
  FJOURNAL = {Geometry \& Topology},
    VOLUME = {12},
      YEAR = {2008},
    NUMBER = {2},
     PAGES = {1171--1202},
   MRCLASS = {14N35 (14J32 14N10 16G20)},
  MRNUMBER = {MR2403807},
MRREVIEWER = {G{\'a}bor Megyesi},
}

@misc{Saito-Thom-Sabastiani,
    title = {{The Thom--Sabastiani equivalence}},
    author = {Saito, Morihiko},
    note = { Unpublished, 1990}}


@article {Saito-MHM,
    AUTHOR = {Saito, Morihiko},
     TITLE = {Mixed {H}odge modules},
   JOURNAL = {Publ. Res. Inst. Math. Sci.},
  FJOURNAL = {Kyoto University. Research Institute for Mathematical
              Sciences. Publications},
    VOLUME = {26},
      YEAR = {1990},
    NUMBER = {2},
     PAGES = {221--333},
      ISSN = {0034-5318},
     CODEN = {KRMPBV},
   MRCLASS = {14D07 (14C30 32J25)},
  MRNUMBER = {MR1047415 (91m:14014)},
MRREVIEWER = {Min Ho Lee},
}

@article {Saito-MHP,
    AUTHOR = {Saito, Morihiko},
     TITLE = {Modules de {H}odge polarisables},
   JOURNAL = {Publ. Res. Inst. Math. Sci.},
  FJOURNAL = {Kyoto University. Research Institute for Mathematical
              Sciences. Publications},
    VOLUME = {24},
      YEAR = {1988},
    NUMBER = {6},
     PAGES = {849--995 (1989)},
      ISSN = {0034-5318},
     CODEN = {KRMPBV},
   MRCLASS = {32C35 (14C30 32C38 32C42 32G99)},
  MRNUMBER = {MR1000123 (90k:32038)},
MRREVIEWER = {J. H. M. Steenbrink},
}

@article {Massey,
    AUTHOR = {Massey, David B.},
     TITLE = {The {S}ebastiani-{T}hom isomorphism in the derived category},
   JOURNAL = {Compositio Math.},
  FJOURNAL = {Compositio Mathematica},
    VOLUME = {125},
      YEAR = {2001},
    NUMBER = {3},
     PAGES = {353--362},
      ISSN = {0010-437X},
     CODEN = {CMPMAF},
   MRCLASS = {32S20 (18E30 32S55 32S60)},
  MRNUMBER = {MR1818986 (2002g:32031)},
MRREVIEWER = {Jos{\'e} Ignacio Burgos Gil},
}

@article {Macdonald-poincare-poly,
    AUTHOR = {Macdonald, I. G.},
     TITLE = {The {P}oincar\'e polynomial of a symmetric product},
   JOURNAL = {Proc. Cambridge Philos. Soc.},
    VOLUME = {58},
      YEAR = {1962},
     PAGES = {563--568},
   MRCLASS = {55.30},
  MRNUMBER = {MR0143204 (26 \#764)},
MRREVIEWER = {S. S. Cairns},
}

@article {Li-zeroDT,
    AUTHOR = {Li, Jun},
     TITLE = {Zero dimensional {D}onaldson-{T}homas invariants of
              threefolds},
   JOURNAL = {Geom. Topol.},
  FJOURNAL = {Geometry and Topology},
    VOLUME = {10},
      YEAR = {2006},
     PAGES = {2117--2171 (electronic)},
      ISSN = {1465-3060},
   MRCLASS = {14N35 (14J30)},
  MRNUMBER = {MR2284053 (2007k:14116)},
MRREVIEWER = {Hsian-Hua Tseng},
}

@book {Kashiwara-Schapira,
    AUTHOR = {Kashiwara, Masaki and Schapira, Pierre},
     TITLE = {Sheaves on manifolds},
    SERIES = {Grundlehren der Mathematischen Wissenschaften [Fundamental
              Principles of Mathematical Sciences]},
    VOLUME = {292},
      NOTE = {With a chapter in French by Christian Houzel,
              Corrected reprint of the 1990 original},
 PUBLISHER = {Springer-Verlag},
   ADDRESS = {Berlin},
      YEAR = {1994},
     PAGES = {x+512},
      ISBN = {3-540-51861-4},
   MRCLASS = {58G07 (18F20 32C38 35A27)},
  MRNUMBER = {MR1299726 (95g:58222)},
}

@misc{Iqbal-Kozcaz-Vafa,
    title = {{The Refined Topological Vertex}},
    author = {Amer Iqbal and Can Kozcaz and Cumrun Vafa},
    note = { arXiv:hep-th/0701156 }}

@article {Hausel-Rodriguez,
    AUTHOR = {Hausel, Tam{\'a}s and Rodriguez-Villegas, Fernando},
     TITLE = {Mixed {H}odge polynomials of character varieties},
      NOTE = {With an appendix by Nicholas M. Katz},
   JOURNAL = {Invent. Math.},
  FJOURNAL = {Inventiones Mathematicae},
    VOLUME = {174},
      YEAR = {2008},
    NUMBER = {3},
     PAGES = {555--624},
      ISSN = {0020-9910},
     CODEN = {INVMBH},
   MRCLASS = {14L30 (11C08 14Fxx)},
  MRNUMBER = {MR2453601},
}

@article {Gottsche-motive,
    AUTHOR = {G{\"o}ttsche, Lothar},
     TITLE = {On the motive of the {H}ilbert scheme of points on a surface},
   JOURNAL = {Math. Res. Lett.},
  FJOURNAL = {Mathematical Research Letters},
    VOLUME = {8},
      YEAR = {2001},
    NUMBER = {5-6},
     PAGES = {613--627},
      ISSN = {1073-2780},
   MRCLASS = {14C05 (14F42)},
  MRNUMBER = {MR1879805 (2002k:14008)},
MRREVIEWER = {Zhenbo Qin},
}

@article {Gottsche-Annalen,
    AUTHOR = {G{\"o}ttsche, Lothar},
     TITLE = {The {B}etti numbers of the {H}ilbert scheme of points on a
              smooth projective surface},
   JOURNAL = {Math. Ann.},
  FJOURNAL = {Mathematische Annalen},
    VOLUME = {286},
      YEAR = {1990},
    NUMBER = {1-3},
     PAGES = {193--207},
      ISSN = {0025-5831},
     CODEN = {MAANA},
   MRCLASS = {14C05 (14D22)},
  MRNUMBER = {MR1032930 (91h:14007)},
MRREVIEWER = {A. Hirschowitz},
}
@article {Gottsche-formula,
    AUTHOR = {G{\"o}ttsche, Lothar},
     TITLE = {The {B}etti numbers of the {H}ilbert scheme of points on a
              smooth projective surface},
   JOURNAL = {Math. Ann.},
  FJOURNAL = {Mathematische Annalen},
    VOLUME = {286},
      YEAR = {1990},
    NUMBER = {1-3},
     PAGES = {193--207},
      ISSN = {0025-5831},
     CODEN = {MAANA},
   MRCLASS = {14C05 (14D22)},
  MRNUMBER = {MR1032930 (91h:14007)},
MRREVIEWER = {A. Hirschowitz},
}
	

@article {deCataldo-Migliorini,
    AUTHOR = {de Cataldo, Mark Andrea A. and Migliorini, Luca},
     TITLE = {The {D}ouady space of a complex surface},
   JOURNAL = {Adv. Math.},
  FJOURNAL = {Advances in Mathematics},
    VOLUME = {151},
      YEAR = {2000},
    NUMBER = {2},
     PAGES = {283--312},
      ISSN = {0001-8708},
     CODEN = {ADMTA4},
   MRCLASS = {32G13 (32C25 32S60)},
  MRNUMBER = {MR1758249 (2002a:32008)},
MRREVIEWER = {I. Dolgachev},
}

@article {Cheah,
    AUTHOR = {Cheah, Jan},
     TITLE = {On the cohomology of {H}ilbert schemes of points},
   JOURNAL = {J. Algebraic Geom.},
  FJOURNAL = {Journal of Algebraic Geometry},
    VOLUME = {5},
      YEAR = {1996},
    NUMBER = {3},
     PAGES = {479--511},
      ISSN = {1056-3911},
   MRCLASS = {14C05 (14C30)},
  MRNUMBER = {MR1382733 (97b:14005)},
MRREVIEWER = {Raquel Mallavibarrena},
}

@article {Briancon-Iarrobino,
    AUTHOR = {Brian{\c{c}}on, J. and Iarrobino, A.},
     TITLE = {Dimension of the punctual {H}ilbert scheme},
   JOURNAL = {J. Algebra},
  FJOURNAL = {Journal of Algebra},
    VOLUME = {55},
      YEAR = {1978},
    NUMBER = {2},
     PAGES = {536--544},
      ISSN = {0021-8693},
     CODEN = {JALGA4},
   MRCLASS = {14C25},
  MRNUMBER = {MR523473 (80g:14013)},
MRREVIEWER = {Martin Lindner},
}
 
@misc{Kontsevich-Soibelman,
    title = {{Stability structures, motivic Donaldson-Thomas invariants and cluster transformations}},
    author = {Maxim Kontsevich and Yan Soibelman},
    note = { arXiv:0811.2435 }}



@article {Cadman,
    AUTHOR = {Cadman, Charles},
     TITLE = {Using stacks to impose tangency conditions on curves},
   JOURNAL = {Amer. J. Math.},
  FJOURNAL = {American Journal of Mathematics},
    VOLUME = {129},
      YEAR = {2007},
    NUMBER = {2},
     PAGES = {405--427},
      ISSN = {0002-9327},
     CODEN = {AJMAAN},
   MRCLASS = {14D20 (14A20 14N35)},
  MRNUMBER = {MR2306040 (2008g:14016)},
MRREVIEWER = {Michael A. Rose},
    note = { arXiv:math/0312349 }
}

@article {Feit-Fine,
    AUTHOR = {Feit, Walter and Fine, N. J.},
     TITLE = {Pairs of commuting matrices over a finite field},
   JOURNAL = {Duke Math. J},
  FJOURNAL = {Duke Mathematical Journal},
    VOLUME = {27},
      YEAR = {1960},
     PAGES = {91--94},
      ISSN = {0012-7094},
   MRCLASS = {10.00 (12.00)},
  MRNUMBER = {MR0109810 (22 \#695)},
MRREVIEWER = {L. Carlitz},
}
 
@incollection {Borisov-Horja,
    AUTHOR = {Borisov, Lev A. and Horja, R. Paul},
     TITLE = {On the {$K$}-theory of smooth toric {DM} stacks},
 BOOKTITLE = {Snowbird lectures on string geometry},
    SERIES = {Contemp. Math.},
    VOLUME = {401},
     PAGES = {21--42},
 PUBLISHER = {Amer. Math. Soc.},
   ADDRESS = {Providence, RI},
      YEAR = {2006},
   MRCLASS = {14C35 (14A20 14M25 19E20)},
  MRNUMBER = {MR2222527 (2007c:14005)},
MRREVIEWER = {Alicia Dickenstein},
    note = { arXiv:math/0503277 }
}

@incollection {Gross2000,
    AUTHOR = {Gross, Mark},
     TITLE = {Examples of special {L}agrangian fibrations},
 BOOKTITLE = {Symplectic geometry and mirror symmetry ({S}eoul, 2000)},
     PAGES = {81--109},
 PUBLISHER = {World Sci. Publ., River Edge, NJ},
      YEAR = {2001},
   MRCLASS = {53C38 (14J32 32Q25 53D12)},
  MRNUMBER = {MR1882328 (2003f:53085)},
MRREVIEWER = {Richard P. Thomas},
note = { arXiv:math/0012002 }
}

@article {Mikhalkin,
    AUTHOR = {Mikhalkin, Grigory},
     TITLE = {Enumerative tropical algebraic geometry in {$\Bbb R\sp 2$}},
   JOURNAL = {J. Amer. Math. Soc.},
  FJOURNAL = {Journal of the American Mathematical Society},
    VOLUME = {18},
      YEAR = {2005},
    NUMBER = {2},
     PAGES = {313--377 (electronic)},
      ISSN = {0894-0347},
   MRCLASS = {14N10 (05A99 14N35 52B70)},
  MRNUMBER = {MR2137980 (2006b:14097)},
MRREVIEWER = {Charles D. Cadman},
note = { arXiv:math/0312530 }
}

@article {Borisov-Chen-Smith,
    AUTHOR = {Borisov, Lev A. and Chen, Linda and Smith, Gregory G.},
     TITLE = {The orbifold {C}how ring of toric {D}eligne-{M}umford stacks},
   JOURNAL = {J. Amer. Math. Soc.},
  FJOURNAL = {Journal of the American Mathematical Society},
    VOLUME = {18},
      YEAR = {2005},
    NUMBER = {1},
     PAGES = {193--215 (electronic)},
      ISSN = {0894-0347},
   MRCLASS = {14N35 (14C15 14M25)},
  MRNUMBER = {MR2114820 (2006a:14091)},
MRREVIEWER = {Domenico Fiorenza},
NOTE = { arXiv:math/0309229}
}
 

@article {Fantechi-Mann-Nironi,
    AUTHOR = {Fantechi, Barbara and Mann, Etienne and Nironi, Fabio},
     TITLE = {Smooth toric {D}eligne-{M}umford stacks},
   JOURNAL = {J. Reine Angew. Math.},
  FJOURNAL = {Journal f\"ur die Reine und Angewandte Mathematik. [Crelle's
              Journal]},
    VOLUME = {648},
      YEAR = {2010},
     PAGES = {201--244},
      ISSN = {0075-4102},
     CODEN = {JRMAA8},
   MRCLASS = {14M25 (14D23)},
  MRNUMBER = {2774310},
       DOI = {10.1515/CRELLE.2010.084},
       URL = {http://dx.doi.org/10.1515/CRELLE.2010.084},
    note = { arXiv:math/0708.1254 }
}



@misc{MOOP,
    title = {{Gromov-Witten/Donaldson-Thomas correspondence for toric 3-folds}},
    author = {D. Maulik and A. Oblomkov and A. Okounkov and R. Pandharipande},
    note = { arXiv:math/0809.3976}}

@incollection {Ok-Re-Va,
    AUTHOR = {Okounkov, Andrei and Reshetikhin, Nikolai and Vafa, Cumrun},
     TITLE = {Quantum {C}alabi-{Y}au and classical crystals},
 BOOKTITLE = {The unity of mathematics},
    SERIES = {Progr. Math.},
    VOLUME = {244},
     PAGES = {597--618},
 PUBLISHER = {Birkh\"auser Boston},
   ADDRESS = {Boston, MA},
      YEAR = {2006},
   MRCLASS = {81T45 (14J32 14N35 81T30 82B23)},
  MRNUMBER = {MR2181817 (2006k:81342)},
MRREVIEWER = {Chiu-Chu Melissa Liu},
      note = { arXiv:hep-th/0309208 }
}


@article{Young-Bryan,
    title = {{Generating functions for colored 3D Young diagrams and the Donaldson-Thomas invariants of orbifolds}},
 JOURNAL = {Duke Math. J.},
  FJOURNAL = {Duke Mathematical Journal},
    VOLUME = {152},
      YEAR = {2010},
    NUMBER = {1},
     PAGES = {115--153},
    author = {Ben Young and Jim Bryan},
    note = {arXiv:math/0802.3948 }}

@article{Bryan-Young,
    title = {{Generating functions for colored 3D Young diagrams and the Donaldson-Thomas invariants of orbifolds}},
 JOURNAL = {Duke Math. J.},
  FJOURNAL = {Duke Mathematical Journal},
    VOLUME = {152},
      YEAR = {2010},
    NUMBER = {1},
     PAGES = {115--153},
    author = {Ben Young and Jim Bryan},
    note = {arXiv:math/0802.3948 }}

@article {Liu-Liu-Zhou,
    AUTHOR = {Liu, Chiu-Chu Melissa and Liu, Kefeng and Zhou, Jian},
     TITLE = {A formula of two-partition {H}odge integrals},
   JOURNAL = {J. Amer. Math. Soc.},
  FJOURNAL = {Journal of the American Mathematical Society},
    VOLUME = {20},
      YEAR = {2007},
    NUMBER = {1},
     PAGES = {149--184 (electronic)},
      ISSN = {0894-0347},
   MRCLASS = {14N35 (14H10)},
  MRNUMBER = {MR2257399 (2007e:14091)},
MRREVIEWER = {Hsian-Hua Tseng},
     note = { arXiv:math.AG/0310272}
}


@article {Li-Liu-Liu-Zhou,
    AUTHOR = {Li, Jun and Liu, Chiu-Chu Melissa and Liu, Kefeng and Zhou,
              Jian},
     TITLE = {A mathematical theory of the topological vertex},
   JOURNAL = {Geom. Topol.},
  FJOURNAL = {Geometry \& Topology},
    VOLUME = {13},
      YEAR = {2009},
    NUMBER = {1},
     PAGES = {527--621},
      ISSN = {1465-3060},
   MRCLASS = {14N35 (53D45)},
  MRNUMBER = {2469524 (2009i:14082)},
MRREVIEWER = {Hsian-Hua Tseng},
       DOI = {10.2140/gt.2009.13.527},
       URL = {http://dx.doi.org/10.2140/gt.2009.13.527},
   note = {arXiv:math/0408426 }
}

@article {Olsson-Starr,
    AUTHOR = {Olsson, Martin and Starr, Jason},
     TITLE = {Quot functors for {D}eligne-{M}umford stacks},
      NOTE = {Special issue in honor of Steven L. Kleiman},
   JOURNAL = {Comm. Algebra},
  FJOURNAL = {Communications in Algebra},
    VOLUME = {31},
      YEAR = {2003},
    NUMBER = {8},
     PAGES = {4069--4096},
      ISSN = {0092-7872},
     CODEN = {COALDM},
   MRCLASS = {14A20 (14C05)},
  MRNUMBER = {MR2007396 (2004i:14002)},
MRREVIEWER = {Ivan S. Kausz},
}

@article {Behrend-micro,
    AUTHOR = {Behrend, Kai},
     TITLE = {Donaldson-{T}homas type invariants via microlocal geometry},
   JOURNAL = {Ann. of Math. (2)},
  FJOURNAL = {Annals of Mathematics. Second Series},
    VOLUME = {170},
      YEAR = {2009},
    NUMBER = {3},
     PAGES = {1307--1338},
      ISSN = {0003-486X},
     CODEN = {ANMAAH},
   MRCLASS = {14N35 (14C15 14C17 14D23)},
  MRNUMBER = {2600874 (2011d:14098)},
MRREVIEWER = {Hsian-Hua Tseng},
       DOI = {10.4007/annals.2009.170.1307},
       URL = {http://dx.doi.org/10.4007/annals.2009.170.1307},
    note = { arXiv:math/0507523 }
}


@article {Behrend-Fantechi08,
    AUTHOR = {Behrend, Kai and Fantechi, Barbara},
     TITLE = {Symmetric obstruction theories and {H}ilbert schemes of points
              on threefolds},
   JOURNAL = {Algebra Number Theory},
  FJOURNAL = {Algebra \& Number Theory},
    VOLUME = {2},
      YEAR = {2008},
    NUMBER = {3},
     PAGES = {313--345},
      ISSN = {1937-0652},
   MRCLASS = {14C05},
  MRNUMBER = {MR2407118},
      note = { arXiv:math/0512556}
}

@article {Thomas,
    AUTHOR = {Thomas, R. P.},
     TITLE = {A holomorphic {C}asson invariant for {C}alabi-{Y}au 3-folds,
              and bundles on {$K3$} fibrations},
   JOURNAL = {J. Differential Geom.},
  FJOURNAL = {Journal of Differential Geometry},
    VOLUME = {54},
      YEAR = {2000},
    NUMBER = {2},
     PAGES = {367--438},
      ISSN = {0022-040X},
     CODEN = {JDGEAS},
   MRCLASS = {14J32 (14J60 32J17 32Q25)},
  MRNUMBER = {MR1818182 (2002b:14049)},
MRREVIEWER = {Bal{\'a}zs Szendr{\"o}i},
}

@misc{Iritani-expository,
    title = {{Ruan's conjecture and integral structures in quantum cohomology}},
    author = {Hiroshi Iritani},
    note = { arXiv:math/0809.2749 }}



@misc{Aganagic-Bouchard-Klemm,
    title = {{Topological Strings and (Almost) Modular Forms}},
    author = {Mina Aganagic and Vincent Bouchard and Albrecht Klemm},
    note = { arXiv:hep-th/0607100 }}

@misc{Cadman-Cavalieri,
    title = {{Gerby Localization, $Z_3$-Hodge Integrals and the GW Theory of $C^3/Z_3$}},
    author = {Charles Cadman and Renzo Cavalieri},
    note = { arXiv:math/0705.2158 }}

@misc{Bouchard-Cavalieri,
    title = {{On the mathematics and physics of high genus invariants of $[C^3/Z_3]$}},
    author = {Vincent Bouchard and Renzo Cavalieri},
    note = { arXiv:math/0709.3805 }}


@misc{Coates,
    title = {{Wall-Crossings in Toric Gromov-Witten Theory II: Local Examples}},
    author = {Coates},
    note = { arXiv:math/0804.2592 }}

@misc{Iritani,
    title = {{Real and integral structures in quantum cohomology I: toric orbifolds}},
    author = {Hiroshi Iritani},
    note = { arXiv:math/0712.2204 }}

@misc{Gillam,
    title = {{The Crepant Resolution Conjecture for 3-dimensional flags modulo an involution}},
    author = {W. D. Gillam},
    note = { arXiv:math/0708.0842 }}

@misc{Wise,
    title = {{The genus zero Gromov-Witten invariants of $[\operatorname{Sym}^2 \mathbb{P}^2]$}},
    author = {Jonathan Wise},
    note = { arXiv:math/0702219}}



@book {Lusztig,
    AUTHOR = {Lusztig, George},
     TITLE = {Introduction to quantum groups},
    SERIES = {Progress in Mathematics},
    VOLUME = {110},
 PUBLISHER = {Birkh\"auser Boston Inc.},
   ADDRESS = {Boston, MA},
      YEAR = {1993},
     PAGES = {xii+341},
      ISBN = {0-8176-3712-5},
   MRCLASS = {17B37 (16W30 17-02 17B35 81R50)},
  MRNUMBER = {MR1227098 (94m:17016)},
MRREVIEWER = {Jie Du},
}


@misc{Chiodo,
    title = {{Towards an enumerative geometry of the moduli space of twisted curves and $r$-th roots}},
    author = {Alessandro Chiodo},
    note = { arXiv:math/0607324 }}

@misc{Johnson-Panharipande-Tseng,
    title = {{Abelian Hurwitz-Hodge integrals}},
    author = {Paul Johnson, Rahul Pandharipande, Hsian-Hua Tseng},
    note = { arXiv:math/0803.0499 }}

@misc{Zhou-HH,
    title = {{On computations of Hurwitz-Hodge integrals}},
    author = {Jian Zhou},
    note = { arXiv:math/0710.1679  }}

@article {Morrison,
    AUTHOR = {Morrison, David R.},
     TITLE = {The birational geometry of surfaces with rational double
              points},
   JOURNAL = {Math. Ann.},
  FJOURNAL = {Mathematische Annalen},
    VOLUME = {271},
      YEAR = {1985},
    NUMBER = {3},
     PAGES = {415--438},
      ISSN = {0025-5831},
     CODEN = {MAANA},
   MRCLASS = {14E05 (14E15 14J17)},
  MRNUMBER = {MR787190 (87e:14011)},
MRREVIEWER = {Rick Miranda},
}

@article {Pandharipande-Thomas3,
    AUTHOR = {Pandharipande, R. and Thomas, R. P.},
     TITLE = {Stable pairs and {BPS} invariants},
   JOURNAL = {J. Amer. Math. Soc.},
  FJOURNAL = {Journal of the American Mathematical Society},
    VOLUME = {23},
      YEAR = {2010},
    NUMBER = {1},
     PAGES = {267--297},
      ISSN = {0894-0347},
   MRCLASS = {14N35 (53D45)},
  MRNUMBER = {2552254 (2010i:14104)},
MRREVIEWER = {Hsian-Hua Tseng},
       DOI = {10.1090/S0894-0347-09-00646-8},
       URL = {http://dx.doi.org.ezproxy.library.ubc.ca/10.1090/S0894-0347-09-00646-8},
    note = { arXiv:math/0711.3899 }
}
		
@article {Pandharipande-Thomas1,
    AUTHOR = {Pandharipande, R. and Thomas, R. P.},
     TITLE = {Curve counting via stable pairs in the derived category},
   JOURNAL = {Invent. Math.},
  FJOURNAL = {Inventiones Mathematicae},
    VOLUME = {178},
      YEAR = {2009},
    NUMBER = {2},
     PAGES = {407--447},
      ISSN = {0020-9910},
     CODEN = {INVMBH},
   MRCLASS = {14N35 (14F05 18E30)},
  MRNUMBER = {2545686 (2010h:14089)},
MRREVIEWER = {Yunfeng Jiang},
       DOI = {10.1007/s00222-009-0203-9},
       URL = {http://dx.doi.org.ezproxy.library.ubc.ca/10.1007/s00222-009-0203-9},
    note = { arXiv:math/0707.2348}
}
		
@article {Pandharipande-Thomas2,
    AUTHOR = {Pandharipande, Rahul and Thomas, Richard P.},
     TITLE = {The 3-fold vertex via stable pairs},
   JOURNAL = {Geom. Topol.},
  FJOURNAL = {Geometry \& Topology},
    VOLUME = {13},
      YEAR = {2009},
    NUMBER = {4},
     PAGES = {1835--1876},
      ISSN = {1465-3060},
   MRCLASS = {14N35 (14D20 14M25)},
  MRNUMBER = {2497313 (2010a:14091)},
MRREVIEWER = {Hsian-Hua Tseng},
       DOI = {10.2140/gt.2009.13.1835},
       URL = {http://dx.doi.org.ezproxy.library.ubc.ca/10.2140/gt.2009.13.1835},
    note = { arXiv:math/0709.3823 }
}



@misc{Levine-Pandharipande,
    title = {{Algebraic cobordism revisited}},
    author = {M. Levine and R. Pandharipande},
    note = { arXiv:math/0605196}}


@article {Nakamura,
    AUTHOR = {Nakamura, Iku},
     TITLE = {Hilbert schemes of abelian group orbits},
   JOURNAL = {J. Algebraic Geom.},
  FJOURNAL = {Journal of Algebraic Geometry},
    VOLUME = {10},
      YEAR = {2001},
    NUMBER = {4},
     PAGES = {757--779},
      ISSN = {1056-3911},
   MRCLASS = {14C05 (14L30)},
  MRNUMBER = {MR1838978 (2002d:14006)},
MRREVIEWER = {{\c{S}}erban B{\u{a}}rc{\u{a}}nescu},
}



@misc{Cavalieri-Hurwitz-Hodge,
    title = {{Generating Functions for Hurwitz-Hodge Integrals}},
    author = {Renzo Cavalieri},
    note = { math.AG/math/0608590}}


@article{Boissiere-Sarti,
    title = {{Contraction of excess fibres between the McKay correspondences in dimensions two and three}},
    author = {Samuel Boissiere and Alessandra Sarti},
journal = {Ann. Inst. Fourier},
volume = 57,
number = 6,
year = 2007,
pages = {1839--1861},
    note = {arXiv version: math.AG/0504360}}





@misc{Coates-Ruan,
    title = {{Quantum Cohomology and Crepant Resolutions: A Conjecture}},
    author = {Tom Coates and Yongbin Ruan},
    note = {arXiv:0710.5901}}

@misc{CCIT-twisted,
    title = {{Computing Genus-Zero Twisted Gromov-Witten Invariants}},
    author = {Tom Coates and Alessio Corti and Hiroshi Iritani and
        Hsian-Hua Tseng},
    note = {arXiv:math.AG/0702234}}

@misc{CCIT-CRC,
    title = {{The Crepant Resolution Conjecture for Type A Surface Singularities}},
    author = {Tom Coates and Alessio Corti and Hiroshi Iritani and
        Hsian-Hua Tseng},
    note = {arXiv:0704.2034v1 [math.AG]}}

@misc{CCIT,
    title = {{Wall-Crossings in Toric Gromov-Witten Theory I: Crepant
        Examples}},
    author = {Tom Coates and Alessio Corti and Hiroshi Iritani and
        Hsian-Hua Tseng},
    note = {arXiv:math.AG/0611550}}



@book {Springer,
    AUTHOR = {Springer, T. A.},
     TITLE = {Linear algebraic groups},
    SERIES = {Progress in Mathematics},
    VOLUME = {9},
   EDITION = {Second},
 PUBLISHER = {Birkh\"auser Boston Inc.},
   ADDRESS = {Boston, MA},
      YEAR = {1998},
     PAGES = {xiv+334},
      ISBN = {0-8176-4021-5},
   MRCLASS = {20G15 (14L10)},
  MRNUMBER = {MR1642713 (99h:20075)},
MRREVIEWER = {Andy R. Magid},
}

@article {Gonzalez-Sprinberg-Verdier,
    AUTHOR = {Gonzalez-Sprinberg, G. and Verdier, J.-L.},
     TITLE = {Construction g\'eom\'etrique de la correspondance de
              {M}c{K}ay},
   JOURNAL = {Ann. Sci. \'Ecole Norm. Sup. (4)},
  FJOURNAL = {Annales Scientifiques de l'\'Ecole Normale Sup\'erieure.
              Quatri\`eme S\'erie},
    VOLUME = {16},
      YEAR = {1983},
    NUMBER = {3},
     PAGES = {409--449 (1984)},
      ISSN = {0012-9593},
     CODEN = {ASENAH},
   MRCLASS = {14J17 (14B05 20C30)},
  MRNUMBER = {MR740077 (85k:14019)},
MRREVIEWER = {I. Dolgachev},
}

@book {Bourbaki,
    AUTHOR = {Bourbaki, N.},
     TITLE = {\'{E}l\'ements de math\'ematique. {F}asc. {XXXIV}. {G}roupes
              et alg\`ebres de {L}ie. {C}hapitre {IV}: {G}roupes de
              {C}oxeter et syst\`emes de {T}its. {C}hapitre {V}: {G}roupes
              engendr\'es par des r\'eflexions. {C}hapitre {VI}: syst\`emes
              de racines},
    SERIES = {Actualit\'es Scientifiques et Industrielles, No. 1337},
 PUBLISHER = {Hermann},
   ADDRESS = {Paris},
      YEAR = {1968},
     PAGES = {288 pp. (loose errata)},
   MRCLASS = {22.50 (17.00)},
  MRNUMBER = {MR0240238 (39 \#1590)},
MRREVIEWER = {G. B. Seligman},
}
	

@article {Bertram,
    AUTHOR = {Bertram, Aaron},
     TITLE = {Another way to enumerate rational curves with torus actions},
   JOURNAL = {Invent. Math.},
  FJOURNAL = {Inventiones Mathematicae},
    VOLUME = {142},
      YEAR = {2000},
    NUMBER = {3},
     PAGES = {487--512},
      ISSN = {0020-9910},
     CODEN = {INVMBH},
   MRCLASS = {14N35 (14D20 14J32)},
  MRNUMBER = {MR1804158 (2001m:14077)},
MRREVIEWER = {Yuan-Pin Lee},
}

@article {Reid-asterisque,
    AUTHOR = {Reid, Miles},
     TITLE = {La correspondance de {M}c{K}ay},
      NOTE = {S\'eminaire Bourbaki, Vol.\ 1999/2000},
   JOURNAL = {Ast\'erisque},
  FJOURNAL = {Ast\'erisque},
    NUMBER = {276},
      YEAR = {2002},
     PAGES = {53--72},
      ISSN = {0303-1179},
   MRCLASS = {14E15 (14L30 32S45)},
  MRNUMBER = {MR1886756 (2003h:14026)},
MRREVIEWER = {Vasile Br{\^{\i}}nz{\u{a}}nescu},
}

@incollection {McKay,
    AUTHOR = {McKay, John},
     TITLE = {Graphs, singularities, and finite groups},
 BOOKTITLE = {The Santa Cruz Conference on Finite Groups (Univ. California,
              Santa Cruz, Calif., 1979)},
    SERIES = {Proc. Sympos. Pure Math.},
    VOLUME = {37},
     PAGES = {183--186},
 PUBLISHER = {Amer. Math. Soc.},
   ADDRESS = {Providence, R.I.},
      YEAR = {1980},
   MRCLASS = {20C99 (05C25 14B05 17B10)},
  MRNUMBER = {MR604577 (82e:20014)},
}

@misc{Maulik-An,
    author = {Davesh Maulik},
    title = {{Gromov-Witten Theory of A-resolutions}},
    note = {arXiv:0802.2681}}


@article{Fernandez,
    title = {{Hodge structures for orbifold cohomology}},
    author = {Javier Fernandez},
    journal = {Proc. Amer. Math. Soc.},
    volume = 134,
    year = 2006,
    pages = {2511--2520},
    note = {arXiv:math.AG/0311026}}

@misc{Rose,
    title = {{A reconstruction theorem for genus zero Gromov-Witten
        invariants of stacks}},
    author = {Michael A. Rose},
    note = {arXiv:math.AG/0605776}}

@article {Okounkov-Pandharipande-dtlc,
    AUTHOR = {Okounkov, A. and Pandharipande, R.},
     TITLE = {The local {D}onaldson-{T}homas theory of curves},
   JOURNAL = {Geom. Topol.},
  FJOURNAL = {Geometry \& Topology},
    VOLUME = {14},
      YEAR = {2010},
    NUMBER = {3},
     PAGES = {1503--1567},
      ISSN = {1465-3060},
   MRCLASS = {14N10 (14N35)},
  MRNUMBER = {2679579 (2011g:14121)},
MRREVIEWER = {Yunfeng Jiang},
       DOI = {10.2140/gt.2010.14.1503},
note = {arXiv version: math.AG/0512573},
       URL = {http://dx.doi.org.ezproxy.library.ubc.ca/10.2140/gt.2010.14.1503},
}

@article {BKR,
    AUTHOR = {Bridgeland, Tom and King, Alastair and Reid, Miles},
     TITLE = {The {M}c{K}ay correspondence as an equivalence of derived
              categories},
   JOURNAL = {J. Amer. Math. Soc.},
  FJOURNAL = {Journal of the American Mathematical Society},
    VOLUME = {14},
      YEAR = {2001},
    NUMBER = {3},
     PAGES = {535--554 (electronic)},
      ISSN = {0894-0347},
   MRCLASS = {14E15 (14F05 14J30 18E30 19L47)},
  MRNUMBER = {MR1824990 (2002f:14023)},
MRREVIEWER = {Ana Jerem{\'{\i}}as L{\'o}pez},
}
        

@article {Fantechi-Gottsche,
    AUTHOR = {Fantechi, Barbara and G{\"o}ttsche, Lothar},
     TITLE = {Orbifold cohomology for global quotients},
   JOURNAL = {Duke Math. J.},
  FJOURNAL = {Duke Mathematical Journal},
    VOLUME = {117},
      YEAR = {2003},
    NUMBER = {2},
     PAGES = {197--227},
      ISSN = {0012-7094},
     CODEN = {DUMJAO},
   MRCLASS = {14N35 (14A20 14E15 14J81)},
  MRNUMBER = {MR1971293 (2004h:14062)},
MRREVIEWER = {Dan Abramovich},
}

@article {Uribe,
    AUTHOR = {Uribe, Bernardo},
     TITLE = {Orbifold cohomology of the symmetric product},
   JOURNAL = {Comm. Anal. Geom.},
  FJOURNAL = {Communications in Analysis and Geometry},
    VOLUME = {13},
      YEAR = {2005},
    NUMBER = {1},
     PAGES = {113--128},
      ISSN = {1019-8385},
   MRCLASS = {32Q55 (32J15 57R19)},
  MRNUMBER = {MR2154668 (2006b:32035)},
MRREVIEWER = {Hans U. Boden},
}


@incollection {Ruan-crepant,
    AUTHOR = {Ruan, Yongbin},
     TITLE = {The cohomology ring of crepant resolutions of orbifolds},
 BOOKTITLE = {Gromov-Witten theory of spin curves and orbifolds},
    SERIES = {Contemp. Math.},
    VOLUME = {403},
     PAGES = {117--126},
 PUBLISHER = {Amer. Math. Soc.},
   ADDRESS = {Providence, RI},
      YEAR = {2006},
   MRCLASS = {14N35 (53Dxx)},
  MRNUMBER = {MR2234886},
}


@article {Lehn-Sorger,
    AUTHOR = {Lehn, Manfred and Sorger, Christoph},
     TITLE = {Symmetric groups and the cup product on the cohomology of
              {H}ilbert schemes},
   JOURNAL = {Duke Math. J.},
  FJOURNAL = {Duke Mathematical Journal},
    VOLUME = {110},
      YEAR = {2001},
    NUMBER = {2},
     PAGES = {345--357},
      ISSN = {0012-7094},
     CODEN = {DUMJAO},
   MRCLASS = {14C05 (20B30)},
  MRNUMBER = {MR1865244 (2002i:14004)},
MRREVIEWER = {Raquel Mallavibarrena},
}
  

@article {Vasserot,
    AUTHOR = {Vasserot, Eric},
     TITLE = {Sur l'anneau de cohomologie du sch\'ema de {H}ilbert de
              {$\bold C\sp 2$}},
   JOURNAL = {C. R. Acad. Sci. Paris S\'er. I Math.},
  FJOURNAL = {Comptes Rendus de l'Acad\'emie des Sciences. S\'erie I.
              Math\'ematique},
    VOLUME = {332},
      YEAR = {2001},
    NUMBER = {1},
     PAGES = {7--12},
      ISSN = {0764-4442},
     CODEN = {CASMEI},
   MRCLASS = {14C05 (14F25)},
  MRNUMBER = {MR1805619 (2001k:14012)},
MRREVIEWER = {Mark Andrea A. de Cataldo},
}


@misc{Bryan-Jiang,
    author = {Jim Bryan and Yunfeng Jiang},
    title = {{The Crepant Resolution Conjecture for the orbifold $\mathbf{C^2/Z_4}$}},
    note = {In preparation}}

@article{Bryan-Gholampour1,
    author = {Jim Bryan and Amin Gholampour},
    title = {{Hurwitz-Hodge integrals, the $E_{6}$ and $D_{4}$ root
                  systems, and the Crepant Resolution Conjecture}},
    journal = {Advances in Mathematics},
    Volume = 221,
    number = 4,
    year = 2009,
    pages = {1047--1068},
    note = {arXiv:0708.4244.}}

@article{Bryan-Gholampour2,
    author = {Jim Bryan and Amin Gholampour},
    title = {{Root systems and the quantum cohomology of ADE resolutions}},
    journal = {Algebra and Number Theory},
    Volume = 2,
    number = 4,
    year = 2008,
    pages = {369--390},
    note = {arXiv:0707.1337}}

@article{Bryan-Gholampour3,
    author = {Jim Bryan and Amin Gholampour},
    title = {{The Quantum McKay correspondence for polyhedral singularities}},
    journal = {Inventiones Mathematicae},
    Volume = 178,
    number = 3,
    year=2009,
    pages={655--681},
    note = {arXiv:0803.3766}}

@article{Behrend-Bryan,
    author = {Kai Behrend and Jim Bryan},
    title = {{Super-rigid Donaldson-Thomas invariants}},
    journal = {Mathematical Research Letters},
    Volume = 14,
    number = 4,
    year=2007,
    pages={559--571},
    note = {arXiv version: math.AG/0601203}}



@book{mirrorbook,
    AUTHOR = {Hori, Kentaro and Katz, Sheldon and Klemm, Albrecht and
              Pandharipande, Rahul and Thomas, Richard and Vafa, Cumrun and
              Vakil, Ravi and Zaslow, Eric},
     TITLE = {Mirror symmetry},
    SERIES = {Clay Mathematics Monographs},
    VOLUME = {1},
      NOTE = {With a preface by Vafa},
 PUBLISHER = {American Mathematical Society},
   ADDRESS = {Providence, RI},
      YEAR = {2003},
     PAGES = {xx+929},
      ISBN = {0-8218-2955-6},
   MRCLASS = {14J32 (14N35 32Q25 81T30 81T60)},
  MRNUMBER = {MR2003030 (2004g:14042)},
MRREVIEWER = {Marcos Mari{\~n}o},
}


@misc{Ab-Gr-Vi-2,
    title = {{Gromov-Witten theory of Deligne-Mumford stacks}},
    author = {Dan Abramovich and  Tom Graber and  Angelo Vistoli},
    note = {arXiv:math.AG/0603151}}


@misc{Ka-Liu-Ma,
    title = {{The local Gromov-Witten invariants of configurations of rational curves}},
    author = {Dagan Karp and Chiu-Chu Melissa Liu and Marcos Marino},
    note = {arXiv:math.AG/0506488}}

@article {Yasuda,
    AUTHOR = {Yasuda, Takehiko},
     TITLE = {Twisted jets, motivic measures and orbifold cohomology},
   JOURNAL = {Compos. Math.},
  FJOURNAL = {Compositio Mathematica},
    VOLUME = {140},
      YEAR = {2004},
    NUMBER = {2},
     PAGES = {396--422},
      ISSN = {0010-437X},
   MRCLASS = {14F43 (14A20 14B05 14C30)},
  MRNUMBER = {MR2027195 (2004m:14037)},
MRREVIEWER = {Marco A. Garuti},
}
                
@misc{Yasuda2,
    title = {{Motivic integration over Deligne-Mumford stacks}},
    author = {Takehiko Yasuda},
    note = {arXiv:math.AG/0312115}}

@misc{Maulik-Pandharipande-new,
     title = {{New calculations in Gromov-Witten theory}},
    author = {Davesh Maulik and Rahul Pandharipande},
    note = {arXiv:math.AG/0601395}}

@artical{Maulik-Pandharipande-topological,
    AUTHOR = {Maulik, D. and Pandharipande, R.},
     TITLE = {A topological view of {G}romov-{W}itten theory},
   JOURNAL = {Topology},
  FJOURNAL = {Topology. An International Journal of Mathematics},
    VOLUME = {45},
      YEAR = {2006},
    NUMBER = {5},
     PAGES = {887--918},
      ISSN = {0040-9383},
     CODEN = {TPLGAF},
   MRCLASS = {14N35 (53D45)},
  MRNUMBER = {MR2248516 (2007e:14092)},
MRREVIEWER = {Renzo Cavalieri},
}


@proceedings {Griffiths,
     TITLE = {Topics in transcendental algebraic geometry},
    SERIES = {Annals of Mathematics Studies},
    VOLUME = {106},
 BOOKTITLE = {Proceedings of a seminar held at the Institute for Advanced
              Study, Princeton, N.J., during the academic year 1981/1982},
    EDITOR = {Griffiths, Phillip},
 PUBLISHER = {Princeton University Press},
   ADDRESS = {Princeton, NJ},
      YEAR = {1984},
     PAGES = {viii+316},
      ISBN = {0-691-08335-5; 0-691-08339-8},
   MRCLASS = {14C30 (14-02 14D05 32J25)},
  MRNUMBER = {MR756842 (86b:14004)},
MRREVIEWER = {David Ortland},
}

@article {Esnault-Viehweg,
    AUTHOR = {Esnault, H{\'e}l{\`e}ne and Viehweg, Eckart},
     TITLE = {Logarithmic de {R}ham complexes and vanishing theorems},
   JOURNAL = {Invent. Math.},
  FJOURNAL = {Inventiones Mathematicae},
    VOLUME = {86},
      YEAR = {1986},
    NUMBER = {1},
     PAGES = {161--194},
      ISSN = {0020-9910},
     CODEN = {INVMBH},
   MRCLASS = {32L20 (14F40)},
  MRNUMBER = {MR853449 (87j:32088)},
MRREVIEWER = {Siegmund Kosarew},
}

@incollection {Ab-Gr-Vi,
    AUTHOR = {Abramovich, Dan and Graber, Tom and Vistoli, Angelo},
     TITLE = {Algebraic orbifold quantum products},
 BOOKTITLE = {Orbifolds in mathematics and physics (Madison, WI, 2001)},
    SERIES = {Contemp. Math.},
    VOLUME = {310},
     PAGES = {1--24},
 PUBLISHER = {Amer. Math. Soc.},
   ADDRESS = {Providence, RI},
      YEAR = {2002},
   MRCLASS = {14N35 (14A20 53D45)},
  MRNUMBER = {MR1950940 (2004c:14104)},
MRREVIEWER = {Tyler J. Jarvis},
}

@article {Ab-Vi,
    AUTHOR = {Abramovich, Dan and Vistoli, Angelo},
     TITLE = {Compactifying the space of stable maps},
   JOURNAL = {J. Amer. Math. Soc.},
  FJOURNAL = {Journal of the American Mathematical Society},
    VOLUME = {15},
      YEAR = {2002},
    NUMBER = {1},
     PAGES = {27--75 (electronic)},
      ISSN = {0894-0347},
   MRCLASS = {14H10 (14A20 14D20 14N35)},
  MRNUMBER = {MR1862797 (2002i:14030)},
MRREVIEWER = {Tyler J. Jarvis},
}


@incollection {Chen-Ruan,
    AUTHOR = {Chen, Weimin and Ruan, Yongbin},
     TITLE = {Orbifold {G}romov-{W}itten theory},
 BOOKTITLE = {Orbifolds in mathematics and physics (Madison, WI, 2001)},
    SERIES = {Contemp. Math.},
    VOLUME = {310},
     PAGES = {25--85},
 PUBLISHER = {Amer. Math. Soc.},
   ADDRESS = {Providence, RI},
      YEAR = {2002},
   MRCLASS = {53D45 (14N35)},
  MRNUMBER = {MR1950941 (2004k:53145)},
MRREVIEWER = {Ignasi Mundet-Riera},
}


@misc{Aganagic-Ooguri-Saulina-Vafa,
    title = {{Black Holes, $q$-Deformed 2d Yang-Mills, and Non-perturbative Topological Strings}},
    author = {Mina Aganagic and Hirosi Ooguri and Natalia Saulina and Cumrun Vafa},
    note   = {arXiv:hep-th/0411280}}


@article{Br-Pa-TQFT,
    title = {{Curves in Calabi-Yau 3-folds and Topological Quantum Field
        Theory}},
    author = {Jim Bryan and Rahul Pandharipande},
    journal ={Duke Mathematical Journal},
   volume = {126},
    year = {2005},
   number = {2},
   pages = {369--396},
    note = {Preprint version: math.AG/0306316}}


@article{Br-Pa-local-curves,
    title = {{The local Gromov-Witten theory of curves}},
    author = {Jim Bryan and Rahul Pandharipande},
    journal = {Journal of the American Mathematical Society},
    year =2008,
    volume = 21,
    pages = {101--136},
    note   = {arXiv:math.AG/0411037}}


@misc{Ok-Pan-Hilb,
    author = {Andrei Okounkov and Rahul Pandharipande},
    title = {{Quantum cohomology of the Hilbert scheme of points in the plane}},
    note = {arXiv:math.AG/0411210}}

@incollection {Bryan-Graber,
    AUTHOR = {Jim Bryan and Tom Graber},
     TITLE = {The Crepant Resolution Conjecture},
 BOOKTITLE = {Algebraic Geometry---Seattle 2005},
    SERIES = {Proc. Sympos. Pure Math.},
    VOLUME = {80},
     PAGES = {23--42},
 PUBLISHER = {Amer. Math. Soc.},
   ADDRESS = {Providence, RI},
      YEAR = {2009},
      NOTE = {arXiv: math.AG/0610129}
}


@article{Bryan-Graber-Pandharipande,
    title = {The orbifold quantum cohomology of {$\mathbf{C^2/Z_3}$ and Hurwitz Hodge integrals}},
    author = {Jim Bryan and Tom Graber and Rahul Pandharipande},
    journal = {Journal of Algebraic Geometry},
    volume = 17,
    year = 2008,
    pages = {1--28},
    note = {arXiv version:math.AG/0510335
}}


@article {Looijenga-invent,
    AUTHOR = {Looijenga, Eduard},
     TITLE = {On the tautological ring of {${M}\sb g$}},
   JOURNAL = {Invent. Math.},
  FJOURNAL = {Inventiones Mathematicae},
    VOLUME = {121},
      YEAR = {1995},
    NUMBER = {2},
     PAGES = {411--419},
      ISSN = {0020-9910},
     CODEN = {INVMBH},
   MRCLASS = {14H10 (14C15)},
  MRNUMBER = {96g:14021},
MRREVIEWER = {Montserrat Teixidor i Bigas},
}

@inproceedings {Moore-ICM94,
    AUTHOR = {Moore, Gregory},
     TITLE = {Two-dimensional {Y}ang-{M}ills theory and topological field
              theory},
 BOOKTITLE = {Proceedings of the International Congress of Mathematicians,
              Vol.\ 1, 2 (Z\"urich, 1994)},
     PAGES = {1292--1303},
 PUBLISHER = {Birkh\"auser},
   ADDRESS = {Basel},
      YEAR = {1995},
   MRCLASS = {58D29 (32G13 58D27 81T40 81T70)},
  MRNUMBER = {97h:58033},
MRREVIEWER = {Rajesh Gopakumar},
NOTE       = {arXiv:hep-th/9409044}
}




@article {pandharipande-toda2000,
    AUTHOR = {Pandharipande, R.},
     TITLE = {The {T}oda equations and the {G}romov-{W}itten theory of the
              {R}iemann sphere},
   JOURNAL = {Lett. Math. Phys.},
  FJOURNAL = {Letters in Mathematical Physics. A Journal for the Rapid
              Dissemination of Short Contributions in the Field of
              Mathematical Physics},
    VOLUME = {53},
      YEAR = {2000},
    NUMBER = {1},
     PAGES = {59--74},
      ISSN = {0377-9017},
     CODEN = {LMPHDY},
   MRCLASS = {14N35 (14E22 14N10)},
  MRNUMBER = {2001j:14074},
MRREVIEWER = {Vicente Mu{\~n}oz},
}



@inproceedings {Pandharipande-ICM,
    AUTHOR = {Pandharipande, R.},
     TITLE = {Three questions in {G}romov-{W}itten theory},
 BOOKTITLE = {Proceedings of the International Congress of Mathematicians,
              Vol. II (Beijing, 2002)},
     PAGES = {503--512},
 PUBLISHER = {Higher Ed. Press},
   ADDRESS = {Beijing},
      YEAR = {2002},
   MRCLASS = {14N35 (14H10)},
  MRNUMBER = {2003k:14069},
MRREVIEWER = {Susan J. Colley},
}





@book {Macdonald,
    AUTHOR = {Macdonald, I. G.},
     TITLE = {Symmetric functions and {H}all polynomials},
    SERIES = {Oxford Mathematical Monographs},
   EDITION = {Second},
      NOTE = {With contributions by A. Zelevinsky,
              Oxford Science Publications},
 PUBLISHER = {The Clarendon Press Oxford University Press},
   ADDRESS = {New York},
      YEAR = {1995},
     PAGES = {x+475},
      ISBN = {0-19-853489-2},
   MRCLASS = {05E05 (05-02 20C30 20C33 20K01 33C80 33D80)},
  MRNUMBER = {96h:05207},
MRREVIEWER = {John R. Stembridge},
}



@article{Okounkov-Pandharipande-unknot,
    title = {{Hodge integrals and invariants of the unknot}},
    author = {A Okounkov and R Pandharipande},
    journal = {Geom. Topol.},
    volume = 8,
    year = 2004,
    pages = {675--699},
    note = {arXiv:math.AG/0307209}}




@misc{Vafa-04-2dYang-Mills,
    title = {{Two Dimensional Yang-Mills, Black Holes and Topological Strings}},
    author = {Cumrum Vafa},
    note = {arXiv:hep-th/0406058}}



@article {Faber-Pandharipande-logarithmic,
    AUTHOR = {Faber, C. and Pandharipande, R.},
     TITLE = {Logarithmic series and {H}odge integrals in the tautological
              ring},
      NOTE = {With an appendix by Don Zagier,
              Dedicated to William Fulton on the occasion of his 60th
              birthday},
   JOURNAL = {Michigan Math. J.},
  FJOURNAL = {The Michigan Mathematical Journal},
    VOLUME = {48},
      YEAR = {2000},
     PAGES = {215--252},
      ISSN = {0026-2285},
   MRCLASS = {14H10 (11B73 14C15 32G15)},
  MRNUMBER = {2002e:14041},
MRREVIEWER = {Gary P. Kennedy},
}



@incollection {Go-Va-gauge,
    AUTHOR = {Gopakumar, Rajesh and Vafa, Cumrun},
     TITLE = {On the gauge theory/geometry correspondence [{MR}
              2001k:81272]},
 BOOKTITLE = {Winter School on Mirror Symmetry, Vector Bundles and
              Lagrangian Submanifolds (Cambridge, MA, 1999)},
    SERIES = {AMS/IP Stud. Adv. Math.},
    VOLUME = {23},
     PAGES = {45--63},
 PUBLISHER = {Amer. Math. Soc.},
   ADDRESS = {Providence, RI},
      YEAR = {2001},
   MRCLASS = {81T45 (32J81 53D45 57M25 81T13 81T30)},
  MRNUMBER = {1 876 065},
      NOTE = {arXiv: hep-th/9811131}
}


@article {MNOP2,
    AUTHOR = {Maulik, D. and Nekrasov, N. and Okounkov, A. and
              Pandharipande, R.},
     TITLE = {Gromov-{W}itten theory and {D}onaldson-{T}homas theory. {II}},
   JOURNAL = {Compos. Math.},
  FJOURNAL = {Compositio Mathematica},
    VOLUME = {142},
      YEAR = {2006},
    NUMBER = {5},
     PAGES = {1286--1304},
      ISSN = {0010-437X},
   MRCLASS = {14N35 (14C05)},
  MRNUMBER = {MR2264665 (2007i:14062)},
MRREVIEWER = {Hsian-Hua Tseng},
    note = {arXiv:math.AG/0406092}}
}
		
@article {MNOP1,
    AUTHOR = {Maulik, D. and Nekrasov, N. and Okounkov, A. and
              Pandharipande, R.},
     TITLE = {Gromov-{W}itten theory and {D}onaldson-{T}homas theory. {I}},
   JOURNAL = {Compos. Math.},
  FJOURNAL = {Compositio Mathematica},
    VOLUME = {142},
      YEAR = {2006},
    NUMBER = {5},
     PAGES = {1263--1285},
      ISSN = {0010-437X},
   MRCLASS = {14N35 (14J32)},
  MRNUMBER = {MR2264664 (2007i:14061)},
MRREVIEWER = {Hsian-Hua Tseng},
    note = {arXiv:math.AG/0312059}}
}



@article{Bryan-Karp,
    title = {{The closed topological vertex via the Cremona transform}},
    author = {Jim Bryan and Dagan Karp},
journal ={Journal of Algebraic Geometry},
Volume=14,
year=2005,
pages={529--542},
    note = {arXiv version math.AG/0311208}}



@proceedings {Bryan-Auckly,
TITLE = {The interaction of finite type and Gromov-Witten invariants},
SERIES = {Geometry \& Topology Monographs},
EDITOR = {Jim Bryan and David Auckly},
VOLUME = 8,
YEAR  = 2006,
NOTE = {Held in BIRS, Banff, November 15--20, 2003}
}


@inproceedings {Br-Pa-rigidity,
    title = {{On the rigidity of stable maps to
    Calabi-Yau threefolds}}, 
    author = {Jim Bryan and Rahul Pandharipande},
BOOKTITLE =  {The interaction of finite type and Gromov-Witten invariants},
SERIES = {Geometry \& Topology Monographs},
EDITOR = {Jim Bryan and David Auckly},
VOLUME = 8,
YEAR = 2006,
 NOTE = {Held in BIRS, Banff, November 15--20, 2003}
}



@misc{Shapiro,
    author = {Jacob Shapiro},
    title = {{On the Gopakumar-Vafa conjecture for local $K3$ surfaces}},
    note = {In preparation}}



@article {Hu,
    AUTHOR = {Hu, J.},
     TITLE = {Gromov-{W}itten invariants of blow-ups along points and
              curves},
   JOURNAL = {Math. Z.},
  FJOURNAL = {Mathematische Zeitschrift},
    VOLUME = {233},
      YEAR = {2000},
    NUMBER = {4},
     PAGES = {709--739},
      ISSN = {0025-5874},
     CODEN = {MAZEAX},
   MRCLASS = {53D45 (14N35)},
  MRNUMBER = {2001c:53115},
MRREVIEWER = {Yuan-Pin Lee},
}




@article {Gathmann,
    AUTHOR = {Gathmann, Andreas},
     TITLE = {Gromov-{W}itten invariants of blow-ups},
   JOURNAL = {J. Algebraic Geom.},
  FJOURNAL = {Journal of Algebraic Geometry},
    VOLUME = {10},
      YEAR = {2001},
    NUMBER = {3},
     PAGES = {399--432},
      ISSN = {1056-3911},
   MRCLASS = {14N35 (14E05)},
  MRNUMBER = {2002b:14069},
MRREVIEWER = {Vicente Mu{\~n}oz},
}


@misc{Diaconescu-Florea,
    title = {{Localization and Gluing of Topological Amplitudes}},
    author = {Duiliu-Emanuel Diaconescu and Bogdan Florea},
    note = {arXiv:hep-th/0309143}}


@article {AKMV,
    AUTHOR = {Aganagic, Mina and Klemm, Albrecht and Mari{\~n}o, Marcos and
              Vafa, Cumrun},
     TITLE = {The topological vertex},
   JOURNAL = {Comm. Math. Phys.},
  FJOURNAL = {Communications in Mathematical Physics},
    VOLUME = {254},
      YEAR = {2005},
    NUMBER = {2},
     PAGES = {425--478},
      ISSN = {0010-3616},
     CODEN = {CMPHAY},
   MRCLASS = {81T45 (14N35 81T30)},
  MRNUMBER = {MR2117633 (2006e:81263)},
MRREVIEWER = {Chiu-Chu Melissa Liu},
      note = {arXiv:hep-th/0305132},
}


@misc{Br-Pa-TQFT-old,
    title = {{Curves in Calabi-Yau 3-folds and Topological Quantum Field
        Theory}},
    author = {Jim Bryan and Rahul Pandharipande},
    note = {arXiv:math.AG/0306316}}


@misc{Graber-Vakil,
    title = {{Relative virtual localization and vanishing of tautological
        classes on moduli spaces of curves}},
    author = {Tom Graber and Ravi Vakil},
    note = {arXiv:math.AG/0309227}}


@misc{Graber-Vakil-in-prep,
    author = {Tom Graber and Ravi Vakil},
    note = {In preparation}}

@misc{Bryan-Pandharipande-in-prep,
    author = {Jim Bryan and Rahul Pandharipande},
    note = {In preparation}}



@misc{Faber-Pandharipande-03,
    title = {{Relative maps and tautological classes}},
    author = {C. Faber and R. Pandharipande},
    note = {arXiv:math.AG/0304485}}




@misc{Moore-ITPlecture,
author={Greg Moore},
year={2001},
title={{ITP lectures on branes, K-theory, and RR-charges}}, 
note={{Available online at }\\{
http://online.kitp.ucsb.edu/online/mp01/moore1/.}}} 



@article {Freed-Quinn,
    AUTHOR = {Freed, Daniel S. and Quinn, Frank},
     TITLE = {Chern-{S}imons theory with finite gauge group},
   JOURNAL = {Comm. Math. Phys.},
  FJOURNAL = {Communications in Mathematical Physics},
    VOLUME = {156},
      YEAR = {1993},
    NUMBER = {3},
     PAGES = {435--472},
      ISSN = {0010-3616},
     CODEN = {CMPHAY},
   MRCLASS = {58D29 (57N10 58D30 81T13)},
  MRNUMBER = {94k:58023},
MRREVIEWER = {Joanna Kania-Bartoszynska},
}



@article {Dijkgraaf-Witten90,
    AUTHOR = {Dijkgraaf, Robbert and Witten, Edward},
     TITLE = {Topological gauge theories and group cohomology},
   JOURNAL = {Comm. Math. Phys.},
  FJOURNAL = {Communications in Mathematical Physics},
    VOLUME = {129},
      YEAR = {1990},
    NUMBER = {2},
     PAGES = {393--429},
      ISSN = {0010-3616},
     CODEN = {CMPHAY},
   MRCLASS = {81T40 (20J06 53C15 57R20 58E50 81T13 81T70)},
  MRNUMBER = {91g:81133},
MRREVIEWER = {Michael Kapovich},
}


@incollection {Dijkgraaf-mirror95,
    AUTHOR = {Dijkgraaf, Robbert},
     TITLE = {Mirror symmetry and elliptic curves},
 BOOKTITLE = {The moduli space of curves (Texel Island, 1994)},
    SERIES = {Progr. Math.},
    VOLUME = {129},
     PAGES = {149--163},
 PUBLISHER = {Birkh\"auser Boston},
   ADDRESS = {Boston, MA},
      YEAR = {1995},
   MRCLASS = {14N10 (11F03 14H52 32G81)},
  MRNUMBER = {96m:14072},
MRREVIEWER = {Bruce Hunt},
}




@misc{Li-communication,
    author = {Jun Li},
    note="Personal communication."}


@article {Li-Ruan,
    AUTHOR = {Li, An-Min and Ruan, Yongbin},
     TITLE = {Symplectic surgery and {G}romov-{W}itten invariants of
              {C}alabi-{Y}au 3-folds},
   JOURNAL = {Invent. Math.},
  FJOURNAL = {Inventiones Mathematicae},
    VOLUME = {145},
      YEAR = {2001},
    NUMBER = {1},
     PAGES = {151--218},
      ISSN = {0020-9910},
     CODEN = {INVMBH},
   MRCLASS = {53D45 (14J32 14N35 32Q25 32Q65)},
  MRNUMBER = {2002g:53158},
MRREVIEWER = {Ignasi Mundet-Riera},
}



@incollection {Quinn,
    AUTHOR = {Quinn, Frank},
     TITLE = {Lectures on axiomatic topological quantum field theory},
 BOOKTITLE = {Geometry and quantum field theory (Park City, UT, 1991)},
    SERIES = {IAS/Park City Math. Ser.},
    VOLUME = {1},
     PAGES = {323--453},
 PUBLISHER = {Amer. Math. Soc.},
   ADDRESS = {Providence, RI},
      YEAR = {1995},
   MRCLASS = {57R57 (18D10 57N99 58D29)},
  MRNUMBER = {96e:57021},
MRREVIEWER = {Louis H. Kauffman},
}


@article {Sawin,
    AUTHOR = {Sawin, Stephen},
     TITLE = {Direct sum decompositions and indecomposable {TQFT}s},
   JOURNAL = {J. Math. Phys.},
  FJOURNAL = {Journal of Mathematical Physics},
    VOLUME = {36},
      YEAR = {1995},
    NUMBER = {12},
     PAGES = {6673--6680},
      ISSN = {0022-2488},
     CODEN = {JMAPAQ},
   MRCLASS = {57N15 (57R57 58D29)},
  MRNUMBER = {96m:57030},
MRREVIEWER = {Bai-Ling Wang},
}



@article {Abrams,
    AUTHOR = {Abrams, Lowell},
     TITLE = {Two-dimensional topological quantum field theories and
              {F}robenius algebras},
   JOURNAL = {J. Knot Theory Ramifications},
  FJOURNAL = {Journal of Knot Theory and its Ramifications},
    VOLUME = {5},
      YEAR = {1996},
    NUMBER = {5},
     PAGES = {569--587},
      ISSN = {0218-2165},
   MRCLASS = {81T40 (16L60 18D10)},
  MRNUMBER = {97j:81292},
MRREVIEWER = {Yu. N. Bespalov},
}





@article {EGH,
    AUTHOR = {Eliashberg, Y. and Givental, A. and Hofer, H.},
     TITLE = {Introduction to symplectic field theory},
      NOTE = {GAFA 2000 (Tel Aviv, 1999)},
   JOURNAL = {Geom. Funct. Anal.},
  FJOURNAL = {Geometric and Functional Analysis},
      YEAR = {2000},
    NUMBER = {Special Volume, Part II},
     PAGES = {560--673},
      ISSN = {1016-443X},
     CODEN = {GFANFB},
   MRCLASS = {53D45 (53D40)},
  MRNUMBER = {2002e:53136},
MRREVIEWER = {Kai Cieliebak},
}




@article {Li-relative1,
    AUTHOR = {Li, Jun},
     TITLE = {Stable morphisms to singular schemes and relative stable
              morphisms},
   JOURNAL = {J. Differential Geom.},
  FJOURNAL = {Journal of Differential Geometry},
    VOLUME = {57},
      YEAR = {2001},
    NUMBER = {3},
     PAGES = {509--578},
      ISSN = {0022-040X},
     CODEN = {JDGEAS},
   MRCLASS = {14N35},
  MRNUMBER = {2003d:14066},
MRREVIEWER = {Andreas Gathmann},
    note = {arXiv:math.AG/0009097}
}



@article {Li-relative2,
    AUTHOR = {Li, Jun},
     TITLE = {A degeneration formula of {GW}-invariants},
   JOURNAL = {J. Differential Geom.},
  FJOURNAL = {Journal of Differential Geometry},
    VOLUME = {60},
      YEAR = {2002},
    NUMBER = {2},
     PAGES = {199--293},
      ISSN = {0022-040X},
     CODEN = {JDGEAS},
   MRCLASS = {14N35},
  MRNUMBER = {1 938 113},
}




@article {Li-Song,
    AUTHOR = {Li, Jun and Song, Yun S.},
     TITLE = {Open string instantons and relative stable morphisms},
   JOURNAL = {Adv. Theor. Math. Phys.},
  FJOURNAL = {Advances in Theoretical and Mathematical Physics},
    VOLUME = {5},
      YEAR = {2001},
    NUMBER = {1},
     PAGES = {67--91},
      ISSN = {1095-0761},
   MRCLASS = {14N35 (14D21)},
  MRNUMBER = {2003b:14066},
MRREVIEWER = {Chiu-Chu Melissa Liu},
    note = {arXiv:hep-th/0103100}
}



@article {Ca-Ku,
    AUTHOR = {Carrell, James B. and Kurth, Alexandre},
     TITLE = {Normality of torus orbit closures in {$G/P$}},
   JOURNAL = {J. Algebra},
  FJOURNAL = {Journal of Algebra},
    VOLUME = {233},
      YEAR = {2000},
    NUMBER = {1},
     PAGES = {122--134},
      ISSN = {0021-8693},
     CODEN = {JALGA4},
   MRCLASS = {14M15 (14M25 52B20)},
  MRNUMBER = {2001j:14067},
MRREVIEWER = {Lutz Hille},
}



@article {Carrell-Lieberman,
    AUTHOR = {Carrell, James B. and Lieberman, David I.},
     TITLE = {Holomorphic vector fields and {K}aehler manifolds},
   JOURNAL = {Invent. Math.},
    VOLUME = {21},
      YEAR = {1973},
     PAGES = {303--309},
   MRCLASS = {32M10 (53C55)},
  MRNUMBER = {48 \#4356},
MRREVIEWER = {Shoshichi Kobayashi},
}




@article {Ak-Ca,
    AUTHOR = {Aky{\i} ld{\i} z, E. and Carrell, J. B.},
     TITLE = {Cohomology of projective varieties with regular {${\rm SL}\sb
              2$} actions},
   JOURNAL = {Manuscripta Math.},
  FJOURNAL = {Manuscripta Mathematica},
    VOLUME = {58},
      YEAR = {1987},
    NUMBER = {4},
     PAGES = {473--486},
      ISSN = {0025-2611},
     CODEN = {MSMHB2},
   MRCLASS = {14L30},
  MRNUMBER = {88g:14046},
MRREVIEWER = {Dennis Snow},
}




@misc{BeOha,
    title = {{ On the Cohomology of Stable Map Spaces}},
    author = {K.~Behrend and A.~O'Halloran},
    note = {arXiv:math.AG/0202288; to Appear in {\em Inventiones}, 63 pages}}




@book {Kock:FA-2DTQFT,
    AUTHOR = {Kock, Joachim},
     TITLE = {Frobenius algebras and 2{D} topological quantum field
              theories},
    SERIES = {London Mathematical Society Student Texts},
    VOLUME = {59},
 PUBLISHER = {Cambridge University Press},
   ADDRESS = {Cambridge},
      YEAR = {2004},
     PAGES = {xiv+240},
      ISBN = {0-521-83267-5; 0-521-54031-3},
   MRCLASS = {53D45 (16Sxx 57Rxx 81T45)},
  MRNUMBER = {2 037 238},
}

@misc{Li-Ruan-surgery,
    title = {{Symplectic surgery and Gromov-Witten invariants of
        Calabi-Yau 3-folds I}},
    author = {An-Min Li and Yongbin Ruan},
    note = {arXiv:math.AG/9803036}}

@misc{Okounkov-Pandharipande-completed-cycles,
    title = {{Gromov-Witten theory, Hurwitz theory, and completed cycles}},
    author = {Andrei Okounkov and Rahul Pandharipande},
    note = {arXiv:math.AG/0204305}}


@misc{Okounkov-Pandharipande-virasoro,
    title = {{Virasoro constraints for target curves}},
    author = {Andrei Okounkov and Rahul Pandharipande},
    note = {arXiv:math.AG/0308097}}

@misc{Okounkov-Pandharipande-toda,
    title = {{The equivariant Gromov-Witten theory of $\P^1$}},
    author = {Andrei Okounkov and Rahul Pandharipande},
    nopte = {arXiv:math.AG/0207233}}



@misc {Garoufalidis,
     TITLE = {{Topological calculus of $y\hbox{-graphs}$ and equivalence
of finite type invariants}},
   AUTHOR = {Garoufalidis, Stavros},
   NOTE   = "In preparation."
}


@article {Witten-CMP89,
    AUTHOR = {Witten, Edward},
     TITLE = {Quantum field theory and the {J}ones polynomial},
   JOURNAL = {Comm. Math. Phys.},
  FJOURNAL = {Communications in Mathematical Physics},
    VOLUME = {121},
      YEAR = {1989},
    NUMBER = {3},
     PAGES = {351--399},
      ISSN = {0010-3616},
     CODEN = {CMPHAY},
   MRCLASS = {},
  MRNUMBER = {90h:57009},
MRREVIEWER = {Daniel S. Freed},
}

@incollection {Vassiliev,
    AUTHOR = {Vassiliev, V. A.},
     TITLE = {Cohomology of knot spaces},
 BOOKTITLE = {Theory of singularities and its applications},
     PAGES = {23--69},
 PUBLISHER = {Amer. Math. Soc.},
   ADDRESS = {Providence, RI},
      YEAR = {1990},
   MRCLASS = {},
  MRNUMBER = {92a:57016},
MRREVIEWER = {D. B. Fuchs},
}

@article {Turaev-Viro,
    AUTHOR = {Turaev, V. G. and Viro, O. Ya.},
     TITLE = {State sum invariants of $3$-manifolds and quantum
              $6j$-symbols},
   JOURNAL = {Topology},
  FJOURNAL = {Topology. An International Journal of Mathematics},
    VOLUME = {31},
      YEAR = {1992},
    NUMBER = {4},
     PAGES = {865--902},
      ISSN = {0040-9383},
     CODEN = {TPLGAF},
   MRCLASS = {},
  MRNUMBER = {94d:57044},
MRREVIEWER = {Louis H. Kauffman},
}

@article {Rozansky-CMP97,
    AUTHOR = {Rozansky, L.},
     TITLE = {The trivial connection contribution to {W}itten's invariant
              and finite type invariants of rational homology spheres},
   JOURNAL = {Comm. Math. Phys.},
  FJOURNAL = {Communications in Mathematical Physics},
    VOLUME = {183},
      YEAR = {1997},
    NUMBER = {1},
     PAGES = {23--54},
      ISSN = {0010-3616},
     CODEN = {CMPHAY},
   MRCLASS = {},
  MRNUMBER = {99c:57063},
MRREVIEWER = {David H. Adams},
}
@article {Rozansky-CMP96,
    AUTHOR = {Rozansky, L.},
     TITLE = {A contribution of the trivial connection to the {J}ones
              polynomial and {W}itten's invariant of $3$d manifolds. {I},
              {I}{I}},
   JOURNAL = {Comm. Math. Phys.},
  FJOURNAL = {Communications in Mathematical Physics},
    VOLUME = {175},
      YEAR = {1996},
    NUMBER = {2},
     PAGES = {275--296, 297--318},
      ISSN = {0010-3616},
     CODEN = {CMPHAY},
   MRCLASS = {},
  MRNUMBER = {97e:57038},
MRREVIEWER = {Christine Lescop},
}

@article {Reshetikhin-Turaev,
    AUTHOR = {Reshetikhin, N. and Turaev, V. G.},
     TITLE = {Invariants of $3$-manifolds via link polynomials and quantum
              groups},
   JOURNAL = {Invent. Math.},
  FJOURNAL = {Inventiones Mathematicae},
    VOLUME = {103},
      YEAR = {1991},
    NUMBER = {3},
     PAGES = {547--597},
      ISSN = {0020-9910},
     CODEN = {INVMBH},
   MRCLASS = {},
  MRNUMBER = {92b:57024},
MRREVIEWER = {Louis H. Kauffman},
}

@article {Ohtsuki,
    AUTHOR = {Ohtsuki, Tomotada},
     TITLE = {Finite type invariants of integral homology $3$-spheres},
   JOURNAL = {J. Knot Theory Ramifications},
  FJOURNAL = {Journal of Knot Theory and its Ramifications},
    VOLUME = {5},
      YEAR = {1996},
    NUMBER = {1},
     PAGES = {101--115},
      ISSN = {0218-2165},
   MRCLASS = {},
  MRNUMBER = {97i:57019},
MRREVIEWER = {Zhenghan Wang},
}

@misc{Ozsvath-Szabo-3mfd-invariants-properties,
    title = {{Holomorphic disks and three-manifold invariants: properties
        and applications}},
    author = {Peter Ozsvath and Zoltan Szabo},
    note = {arXiv:math.SG/0105202}}

@article {Le-Murakami-Ohtsuki,
    AUTHOR = {Le, Thang T. Q. and Murakami, Jun and Ohtsuki, Tomotada},
     TITLE = {On a universal perturbative invariant of $3$-manifolds},
   JOURNAL = {Topology},
  FJOURNAL = {Topology. An International Journal of Mathematics},
    VOLUME = {37},
      YEAR = {1998},
    NUMBER = {3},
     PAGES = {539--574},
      ISSN = {0040-9383},
     CODEN = {TPLGAF},
   MRCLASS = {},
  MRNUMBER = {99d:57004},
MRREVIEWER = {Zhenghan Wang},
}

@misc{Khovanov,
    title = {{A categorification of the Jones polynomial}},
    author = {Mikhail Khovanov},
    note = {arXiv:math.QA/9908171}}

@misc{Kuperberg-Thurston,
    title = {{Perturbative 3-manifold invariants by cut-and-paste topology}},
    author = {Greg Kuperberg and Dylan P. Thurston},
    howpublished = {UC Davis Math 1999-36},
    note = {arXiv:math.GT/9912167}}

@incollection {Kont-diagrams,
    AUTHOR = {Kontsevich, Maxim},
     TITLE = {Feynman diagrams and low-dimensional topology},
 BOOKTITLE = {First European Congress of Mathematics, Vol.\ II (Paris,
              1992)},
     PAGES = {97--121},
 PUBLISHER = {Birkh\"auser},
   ADDRESS = {Basel},
      YEAR = {1994},
   MRCLASS = {},
  MRNUMBER = {96h:57027},
MRREVIEWER = {Anatoly Libgober},
}

@article {Kirby-Melvin,
    AUTHOR = {Kirby, Robion and Melvin, Paul},
     TITLE = {The $3$-manifold invariants of {W}itten and
              {R}eshetikhin-{T}uraev for ${\rm sl}(2,{\bf {C}})$},
   JOURNAL = {Invent. Math.},
  FJOURNAL = {Inventiones Mathematicae},
    VOLUME = {105},
      YEAR = {1991},
    NUMBER = {3},
     PAGES = {473--545},
      ISSN = {0020-9910},
     CODEN = {INVMBH},
   MRCLASS = {},
  MRNUMBER = {92e:57011},
MRREVIEWER = {Louis H. Kauffman},
}

@article {Jeffrey,
    AUTHOR = {Jeffrey, Lisa C.},
     TITLE = {Chern-{S}imons-{W}itten invariants of lens spaces and torus
              bundles, and the semiclassical approximation},
   JOURNAL = {Comm. Math. Phys.},
  FJOURNAL = {Communications in Mathematical Physics},
    VOLUME = {147},
      YEAR = {1992},
    NUMBER = {3},
     PAGES = {563--604},
      ISSN = {0010-3616},
     CODEN = {CMPHAY},
   MRCLASS = {},
  MRNUMBER = {93f:57042},
MRREVIEWER = {Ronald J. Stern},
}



@article {Habiro,
    AUTHOR = {Habiro, Kazuo},
     TITLE = {Claspers and finite type invariants of links},
   JOURNAL = {Geom. Topol.},
  FJOURNAL = {Geometry and Topology},
    VOLUME = {4},
      YEAR = {2000},
     PAGES = {1--83 (electronic)},
      ISSN = {1465-3060},
   MRCLASS = {},
  MRNUMBER = {2001g:57020},
MRREVIEWER = {Mark R. Woodard},
}


@article {Garoufalidis-Levine,
    AUTHOR = {Garoufalidis, Stavros and Levine, Jerome},
     TITLE = {Finite type $3$-manifold invariants, the mapping class group
              and blinks},
   JOURNAL = {J. Differential Geom.},
  FJOURNAL = {Journal of Differential Geometry},
    VOLUME = {47},
      YEAR = {1997},
    NUMBER = {2},
     PAGES = {257--320},
      ISSN = {0022-040X},
     CODEN = {JDGEAS},
   MRCLASS = {},
  MRNUMBER = {99b:57040},
MRREVIEWER = {Justin D. Roberts},
}


@article {Fintushel-Stern-Inventiones98,
    AUTHOR = {Fintushel, Ronald and Stern, Ronald J.},
     TITLE = {Knots, links, and $4$-manifolds},
   JOURNAL = {Invent. Math.},
  FJOURNAL = {Inventiones Mathematicae},
    VOLUME = {134},
      YEAR = {1998},
    NUMBER = {2},
     PAGES = {363--400},
      ISSN = {0020-9910},
     CODEN = {INVMBH},
   MRCLASS = {},
  MRNUMBER = {99j:57033},
MRREVIEWER = {Paolo Lisca},
}

@article {Bott-Taubes-knots,
    AUTHOR = {Bott, Raoul and Taubes, Clifford},
     TITLE = {On the self-linking of knots},
      NOTE = {Topology and physics},
   JOURNAL = {J. Math. Phys.},
  FJOURNAL = {Journal of Mathematical Physics},
    VOLUME = {35},
      YEAR = {1994},
    NUMBER = {10},
     PAGES = {5247--5287},
      ISSN = {0022-2488},
     CODEN = {JMAPAQ},
   MRCLASS = {},
  MRNUMBER = {95g:57008},
MRREVIEWER = {Zhenghan Wang},
}
@article {Bott-Taubes-rigidity,
    AUTHOR = {Bott, Raoul and Taubes, Clifford},
     TITLE = {On the rigidity theorems of {W}itten},
   JOURNAL = {J. Amer. Math. Soc.},
  FJOURNAL = {Journal of the American Mathematical Society},
    VOLUME = {2},
      YEAR = {1989},
    NUMBER = {1},
     PAGES = {137--186},
      ISSN = {0894-0347},
   MRCLASS = {},
  MRNUMBER = {89k:58270},
MRREVIEWER = {J{\"u}rgen Eichhorn},
}



@article {Bar-Natan,
    AUTHOR = {Bar-Natan, Dror},
     TITLE = {On the {V}assiliev knot invariants},
   JOURNAL = {Topology},
  FJOURNAL = {Topology. An International Journal of Mathematics},
    VOLUME = {34},
      YEAR = {1995},
    NUMBER = {2},
     PAGES = {423--472},
      ISSN = {0040-9383},
     CODEN = {TPLGAF},
   MRCLASS = {},
  MRNUMBER = {97d:57004},
MRREVIEWER = {Simon Willerton},
}



@article {Alexrod-Scott-Singer,
    AUTHOR = {Axelrod, Scott and Singer, I. M.},
     TITLE = {Chern-{S}imons perturbation theory. {I}{I}},
   JOURNAL = {J. Differential Geom.},
  FJOURNAL = {Journal of Differential Geometry},
    VOLUME = {39},
      YEAR = {1994},
    NUMBER = {1},
     PAGES = {173--213},
      ISSN = {0022-040X},
     CODEN = {JDGEAS},
   MRCLASS = {},
  MRNUMBER = {95b:58163},
MRREVIEWER = {Steven Rosenberg},
}

@article {Birman-Lin,
    AUTHOR = {Birman, Joan S. and Lin, Xiao-Song},
     TITLE = {Knot polynomials and {V}assiliev's invariants},
   JOURNAL = {Invent. Math.},
  FJOURNAL = {Inventiones Mathematicae},
    VOLUME = {111},
      YEAR = {1993},
    NUMBER = {2},
     PAGES = {225--270},
      ISSN = {0020-9910},
     CODEN = {INVMBH},
   MRCLASS = {},
  MRNUMBER = {94d:57010},
MRREVIEWER = {J{\'o}zef H. Przytycki},
}

@article {Boden-Herald,
    AUTHOR = {Boden, Hans U. and Herald, Christopher M.},
     TITLE = {A connected sum formula for the ${\rm {S}{U}}(3)$ {C}asson
              invariant},
   JOURNAL = {J. Differential Geom.},
  FJOURNAL = {Journal of Differential Geometry},
    VOLUME = {53},
      YEAR = {1999},
    NUMBER = {3},
     PAGES = {443--464},
      ISSN = {0022-040X},
     CODEN = {JDGEAS},
   MRCLASS = {},
  MRNUMBER = {1 806 067},
}




@misc{Graber-Zaslow,
    title = {{Open-String Gromov-Witten Invariants: Calculations and a
        Mirror "Theorem"}},
    author = {Tom Graber and Eric Zaslow},
    note = {arXiv:hep-th/0109075}}

@misc{Eliashberg-Givental-Hofer, 
    title = {{Introduction to Symplectic Field Theory}},
    author = {Yakov Eliashberg and Alexander Givental and Helmut Hofer},
    note = {arXiv:math.SG/0010059}}

@article {Bertram-mirror,
    AUTHOR = {Bertram, Aaron},
     TITLE = {Another way to enumerate rational curves with torus actions},
   JOURNAL = {Invent. Math.},
  FJOURNAL = {Inventiones Mathematicae},
    VOLUME = {142},
      YEAR = {2000},
    NUMBER = {3},
     PAGES = {487--512},
      ISSN = {0020-9910},
     CODEN = {INVMBH},
   MRCLASS = {},
  MRNUMBER = {1 804 158},
MRREVIEWER = {Yuan-Pin Lee},
}


@article {Givental-IMRL,
    AUTHOR = {Givental, Alexander B.},
     TITLE = {Equivariant {G}romov-{W}itten invariants},
   JOURNAL = {Internat. Math. Res. Notices},
  FJOURNAL = {International Mathematics Research Notices},
      YEAR = {1996},
    NUMBER = {13},
     PAGES = {613--663},
      ISSN = {1073-7928},
   MRCLASS = {},
  MRNUMBER = {97e:14015},
MRREVIEWER = {Claire Voisin},
}


@article {Taubes-Lagrangians,
    AUTHOR = {Taubes, Clifford Henry},
     TITLE = {Lagrangians for the {G}opakumar-{V}afa conjecture},
   JOURNAL = {Adv. Theor. Math. Phys.},
  FJOURNAL = {Advances in Theoretical and Mathematical Physics},
    VOLUME = {5},
      YEAR = {2001},
    NUMBER = {1},
     PAGES = {139--163},
      ISSN = {1095-0761},
   MRCLASS = {53D45 (53D12 57M27)},
  MRNUMBER = {1 894 340},
MRREVIEWER = {Jim A. Bryan},
}


@article {Katz-Liu,
    AUTHOR = {Katz, Sheldon and Liu, Chiu-Chu Melissa},
     TITLE = {Enumerative geometry of stable maps with {L}agrangian boundary
              conditions and multiple covers of the disc},
   JOURNAL = {Adv. Theor. Math. Phys.},
  FJOURNAL = {Advances in Theoretical and Mathematical Physics},
    VOLUME = {5},
      YEAR = {2001},
    NUMBER = {1},
     PAGES = {1--49},
      ISSN = {1095-0761},
   MRCLASS = {14N35 (32G81 53D45)},
  MRNUMBER = {2003e:14047},
MRREVIEWER = {Andreas Gathmann},
}


@misc{Aganagic-Vafa,
    title = {{Mirror Symmetry, D-Branes and Counting Holomorphic Discs}},
    author = {Mina Aganagic and Cumrun Vafa},
    howpublished = {HUTP-00/A047},
    note = {arXiv:hep-th/0012041}}


@misc{Marino-Vafa,
    title = {{Framed knots at large N}},
    author = {Marcos Marino and Cumrun Vafa},
    note = {arXiv:hep-th/0108064}}

@article{Labastida-Marino-Vafa,
    title = {{Knots, links and branes at large N}},
    author = {J.M.F. Labastida and Marcos Marino and Cumrun Vafa},
    journal = {JHEP},
    volume = 0011,
    year = 2000,
    pages = {007},
    note = {arXiv:hep-th/0010102}}

@article{Labastida-Marino1,
    title = {{Polynomial invariants for torus knots and topological
        strings}},
    author = {J.M.F. Labastida and M. Marino},
    journal = {Commun. Math. Phys.},
    volume = 217,
    year = 2001,
    pages = {423--449},
    note = {arXiv:hep-th/0004196}}

@misc{Labastida-Marino2,
    title = {{A New Point of View in the Theory of Knot and Link
        Invariants}},
    author = {Jose M. F. Labastida and Marcos Marino},
    note = {arXiv:math.QA/0104180}}

   
@MISC{Kotschick-priv,
author="Dieter Kotschick",
note="Personal communication"}



@book {Gr-Ha,
    AUTHOR = {Griffiths, Phillip and Harris, Joseph},
     TITLE = {Principles of algebraic geometry},
      NOTE = {Reprint of the 1978 original},
 PUBLISHER = {John Wiley \& Sons Inc.},
   ADDRESS = {New York},
      YEAR = {1994},
     PAGES = {xiv+813},
      ISBN = {0-471-05059-8},
   MRCLASS = {14-01},
  MRNUMBER = {95d:14001},
}


@book {ACGH,
    AUTHOR = {Arbarello, E. and Cornalba, M. and Griffiths, P. A. and
              Harris, J.},
     TITLE = {Geometry of algebraic curves. {V}ol. {I}},
 PUBLISHER = {Springer-Verlag},
   ADDRESS = {New York},
      YEAR = {1985},
     PAGES = {xvi+386},
      ISBN = {0-387-90997-4},
   MRCLASS = {14Hxx (14-02)},
  MRNUMBER = {86h:14019},
MRREVIEWER = {Werner Kleinert},
}


@article {Recillas,
    AUTHOR = {Recillas, Sevin},
     TITLE = {Jacobians of curves with $g^{1}_{4}$'s are the {P}rym's of
              trigonal curves},
   JOURNAL = {Bol. Soc. Mat. Mexicana (2)},
    VOLUME = {19},
      YEAR = {1974},
    NUMBER = {1},
     PAGES = {9--13},
   MRCLASS = {14C20 (14H40)},
  MRNUMBER = {58 \#666},
MRREVIEWER = {H. M. Farkas},
}

@incollection {Donagi,
    AUTHOR = {Donagi, Ron},
     TITLE = {The fibers of the {P}rym map},
 BOOKTITLE = {Curves, Jacobians, and abelian varieties (Amherst, MA, 1990)},
     PAGES = {55--125},
 PUBLISHER = {Amer. Math. Soc.},
   ADDRESS = {Providence, RI},
      YEAR = {1992},
   MRCLASS = {14H40 (14H42)},
  MRNUMBER = {94e:14037},
MRREVIEWER = {V. V. Chueshev},
}

@misc{Denef-Loeser,
    title = {{Motivic integration, quotient singularities and the McKay
        correspondence}},
    author = {J. Denef and F. Loeser},
    note = {arXiv:math.AG/9903187}}

@article {Batyrev-99,
    AUTHOR = {Batyrev, Victor V.},
     TITLE = {Non-{A}rchimedean integrals and stringy {E}uler numbers of
              log-terminal pairs},
   JOURNAL = {J. Eur. Math. Soc. (JEMS)},
  FJOURNAL = {Journal of the European Mathematical Society (JEMS)},
    VOLUME = {1},
      YEAR = {1999},
    NUMBER = {1},
     PAGES = {5--33},
      ISSN = {1435-9855},
   MRCLASS = {14Exx (32Sxx)},
  MRNUMBER = {1 677 693},
}


@article {Ivan-Smith,
    AUTHOR = {Smith, Ivan},
     TITLE = {Lefschetz fibrations and the {H}odge bundle},
   JOURNAL = {Geom. Topol.},
  FJOURNAL = {Geometry and Topology},
    VOLUME = {3},
      YEAR = {1999},
     PAGES = {211--233 (electronic)},
      ISSN = {1465-3060},
   MRCLASS = {57R20 (32L99 55R10 58J28)},
  MRNUMBER = {2000j:57059},
MRREVIEWER = {Paolo Lisca},
}

@article {Endo,
    AUTHOR = {Endo, Hisaaki},
     TITLE = {A construction of surface bundles over surfaces with non-zero
              signature},
   JOURNAL = {Osaka J. Math.},
  FJOURNAL = {Osaka Journal of Mathematics},
    VOLUME = {35},
      YEAR = {1998},
    NUMBER = {4},
     PAGES = {915--930},
      ISSN = {0030-6126},
     CODEN = {OJMAA7},
   MRCLASS = {55R10 (57R22)},
  MRNUMBER = {99m:55017},
MRREVIEWER = {Alexey N. Rudakov},
}




@article{LeBrun,
    title = {{Diffeomorphisms, symplectic forms, and Kodaira fibrations}},
    author = {Claude LeBrun},
    journal = {Geom. Topol.},
    volume = 4,
    year = 2000,
    pages = {451--456},
    note = {also math.SG/0005195}
}


@misc{EKKOS,
    title = {{Commutators, Lefschetz fibrations and the signatures of
        surface bundles}},
    author = {H. Endo and M. Korkmaz and D. Kotschick and B. Ozbagci and
        A. Stipsicz},
    note = {arXiv:math.GT/0103176, to appear in {\em Topology.}}}



@article {Kotschick,
    AUTHOR = {Kotschick, D.},
     TITLE = {Signatures, monopoles and mapping class groups},
   JOURNAL = {Math. Res. Lett.},
  FJOURNAL = {Mathematical Research Letters},
    VOLUME = {5},
      YEAR = {1998},
    NUMBER = {1-2},
     PAGES = {227--234},
      ISSN = {1073-2780},
   MRCLASS = {57R57 (55R40 57R15 57R20 57R55 58G10)},
  MRNUMBER = {99d:57023},
MRREVIEWER = {Liviu I. Nicolaescu},
}

@incollection {Hirzebruch-example,
    AUTHOR = {Hirzebruch, F.},
     TITLE = {The signature of ramified coverings},
 BOOKTITLE = {Global Analysis (Papers in Honor of K. Kodaira)},
     PAGES = {253--265},
 PUBLISHER = {Univ. Tokyo Press},
   ADDRESS = {Tokyo},
      YEAR = {1969},
   MRCLASS = {57.47},
  MRNUMBER = {41 \#2707},
MRREVIEWER = {M. F. Atiyah},
}


@article {Diez-Harvey,
    AUTHOR = {Gonz{\'a}lez D{\'\i}ez, Gabino and Harvey, William J.},
     TITLE = {On complete curves in moduli space. {I}, {I}{I}},
   JOURNAL = {Math. Proc. Cambridge Philos. Soc.},
  FJOURNAL = {Mathematical Proceedings of the Cambridge Philosophical
              Society},
    VOLUME = {110},
      YEAR = {1991},
    NUMBER = {3},
     PAGES = {461--466, 467--472},
      ISSN = {0305-0041},
     CODEN = {MPCPCO},
   MRCLASS = {14H15 (14H30 14H42)},
  MRNUMBER = {92j:14028},
MRREVIEWER = {Jos{\'e} M. Mu\~{n}oz Porras},
}

@article {Kodaira-example,
    AUTHOR = {Kodaira, K.},
     TITLE = {A certain type of irregular algebraic surfaces},
   JOURNAL = {J. Analyse Math.},
    VOLUME = {19},
      YEAR = {1967},
     PAGES = {207--215},
   MRCLASS = {57.60},
  MRNUMBER = {35 \#7354},
MRREVIEWER = {K. H. Mayer},
}

@incollection {Atiyah-example,
    AUTHOR = {Atiyah, M. F.},
     TITLE = {The signature of fibre-bundles},
 BOOKTITLE = {Global Analysis (Papers in Honor of K. Kodaira)},
     PAGES = {73--84},
 PUBLISHER = {Univ. Tokyo Press},
   ADDRESS = {Tokyo},
      YEAR = {1969},
   MRCLASS = {57.30},
  MRNUMBER = {40 \#8071},
MRREVIEWER = {K. H. Mayer},
}



@inproceedings {Kirby-problems,
     TITLE = {Problems in low dimensional topology},
 BOOKTITLE = {Proceedings of the 1993 Georgia International Topology
              Conference held at the University of Georgia, Athens, GA,
              August 2--13, 1993},
    EDITOR = {Kazez, William H.},
 PUBLISHER = {American Mathematical Society},
   ADDRESS = {Providence, RI},
      YEAR = {1997},
     PAGES = {xiv+473},
      ISBN = {0-8218-0653-X},
   MRCLASS = {57-02 (00A07 57-06)},
  MRNUMBER = {98f:57001},
MRREVIEWER = {G. Peter Scott},
author={Rob Kirby}
}





@article{BD,
    title = {{Surface bundles over surfaces of small genus}},
    author = {Jim Bryan and Ron Donagi},
   JOURNAL = {Geom. Topol.},
  FJOURNAL = {Geometry and Topology},
    VOLUME = {6},
      YEAR = {2002},
     PAGES = {59--67 (electronic)},
      ISSN = {1465-3060},
   MRCLASS = {14D05,14D06,57M20 (57N05)}
}


@article{BDS,
    title = {{Surface bundles: some interesting examples}},
    author = {Jim Bryan and Ron Donagi and Andras Stipsicz},
  JOURNAL = {Turkish J. Math.},
 FJOURNAL = {Turkish Journal of Mathematics},
   VOLUME = {25},
     YEAR = {2001},
   NUMBER = {1},
    PAGES = {61--68},
     ISSN = {1300-0098},
note="Proceedings of the {$7^{th}$ G\"okova} Geometry and Topology conference"
}


@misc{Pandharipande-Vakil,
    title = {{Gromov-Witten theory and Mirror symmetry}},
    author = {R. Pandharipande and R. Vakil},
    note = {Clay Institute Notes},
    year=2000}

@article {Fantechi-Pandharipande,
    AUTHOR = {Fantechi, B. and Pandharipande, R.},
     TITLE = {Stable maps and branch divisors},
   JOURNAL = {Compositio Math.},
  FJOURNAL = {Compositio Mathematica},
    VOLUME = {130},
      YEAR = {2002},
    NUMBER = {3},
     PAGES = {345--364},
      ISSN = {0010-437X},
     CODEN = {CMPMAF},
   MRCLASS = {14H10},
  MRNUMBER = {2003a:14039},
MRREVIEWER = {Joachim Kock},
note = {Preprint: math.AG/9905104.}
}



@incollection {Be-Be-De,
   AUTHOR = {Be{\u\i}linson, A. A. and Bernstein, J. and Deligne, P.},
    TITLE = {Faisceaux pervers},
BOOKTITLE = {Analysis and topology on singular spaces, I (Luminy, 1981)},
    PAGES = {5--171},
PUBLISHER = {Soc. Math. France},
  ADDRESS = {Paris},
     YEAR = {1982},
  MRCLASS = {32C38},
 MRNUMBER = {86g:32015},
   MRREVR = {Zoghman Mebkhout},
}

@misc {HST2,
   AUTHOR = {Hosono, S. and Saito, M.-H. and Takahashi, A.},
   NOTE   = "In preparation."
}


@article {CdGP1,
   AUTHOR = {Candelas, Philip and de la Ossa, Xenia C. and Green, Paul S.
             and Parkes, Linda},
    TITLE = {A pair of {C}alabi-{Y}au manifolds as an exactly soluble
             superconformal theory},
  JOURNAL = {Nuclear Phys. B},
 FJOURNAL = {Nuclear Physics. B},
   VOLUME = {359},
     YEAR = {1991},
   NUMBER = {1},
    PAGES = {21--74},
     ISSN = {0550-3213},
    CODEN = {NUPBBO},
  MRCLASS = {32G20 (14J15 14J30 32G05 32G81 81T30 81T40)},
 MRNUMBER = {93b:32029},
   MRREVR = {Bruce Hunt},
}


@incollection {CdGP2,
   AUTHOR = {Candelas, Philip and de la Ossa, Xenia C. and Green, Paul S.
             and Parkes, Linda},
    TITLE = {A pair of {C}alabi-{Y}au manifolds as an exactly soluble
             superconformal theory},
BOOKTITLE = {Essays on mirror manifolds},
    PAGES = {31--95},
PUBLISHER = {Internat. Press},
  ADDRESS = {Hong Kong},
     YEAR = {1992},
  MRCLASS = {81T40 (14J30 32G20 32G81 32J17)},
 MRNUMBER = {1 191 420},
}



@book {Harris-Morrison-book,
    AUTHOR = {Harris, Joe and Morrison, Ian},
     TITLE = {Moduli of curves},
 PUBLISHER = {Springer-Verlag},
   ADDRESS = {New York},
      YEAR = {1998},
     PAGES = {xiv+366},
      ISBN = {0-387-98438-0; 0-387-98429-1},
   MRCLASS = {14H10 (14-02 14D20 14D22)},
  MRNUMBER = {99g:14031},
MRREVIEWER = {R. F. Lax},
}

@article {Harris-Morrison,
   AUTHOR = {Harris, J. and Morrison, I.},
    TITLE = {Slopes of effective divisors on the moduli space of stable
             curves},
  JOURNAL = {Invent. Math.},
 FJOURNAL = {Inventiones Mathematicae},
   VOLUME = {99},
     YEAR = {1990},
   NUMBER = {2},
    PAGES = {321--355},
     ISSN = {0020-9910},
    CODEN = {INVMBH},
  MRCLASS = {14H10},
 MRNUMBER = {91d:14009},
   MRREVR = {Mei Chu Chang},
}


@incollection {Mumford,
   AUTHOR = {Mumford, David},
    TITLE = {Towards an enumerative geometry of the moduli space of curves},
BOOKTITLE = {Arithmetic and geometry, Vol. II},
    PAGES = {271--328},
PUBLISHER = {Birkh\"auser Boston},
  ADDRESS = {Boston, Mass.},
     YEAR = {1983},
  MRCLASS = {14H10 (14C15)},
 MRNUMBER = {85j:14046},
   MRREVR = {Werner Kleinert},
}



@article {Br-E1test,
    AUTHOR = {Bryan, Jim},
     TITLE = {Evidence for a conjecture of {P}andharipande},
   JOURNAL = {Turkish J. Math.},
  FJOURNAL = {Turkish Journal of Mathematics},
    VOLUME = {26},
      YEAR = {2002},
    NUMBER = {1},
     PAGES = {69--73},
      ISSN = {1300-0098},
   MRCLASS = {11F23 (14N35)},
  MRNUMBER = {1 892 800},
note="Proceedings of the {$8^{th}$ G\"okova} Geometry and Topology conference"
}



@inproceedings {Br-RIMS,
    AUTHOR = {Bryan, Jim},
     TITLE = {Multiple cover formulas for {G}romov-{W}itten invariants and
              {BPS} states},
 BOOKTITLE = {Proceedings of the Workshop ``Algebraic Geometry and
              Integrable Systems related to String Theory'' (Kyoto, 2000)},
   JOURNAL = {S\=urikaisekikenky\=usho K\=oky\=uroku},
  FJOURNAL = {S\=urikaisekikenky\=usho K\=oky\=uroku},
    NUMBER = {1232},
      YEAR = {2001},
     PAGES = {144--159},
   MRCLASS = {14N35},
  MRNUMBER = {1 905 890},
}




@article {Pandharipande-degenerate-contributions,
   AUTHOR = {Pandharipande, R.},
    TITLE = {Hodge integrals and degenerate contributions},
  JOURNAL = {Comm. Math. Phys.},
 FJOURNAL = {Communications in Mathematical Physics},
   VOLUME = {208},
     YEAR = {1999},
   NUMBER = {2},
    PAGES = {489--506},
     ISSN = {0010-3616},
    CODEN = {CMPHAY},
  MRCLASS = {14Nxx (14Jxx)},
 MRNUMBER = {1 729 095},
}



@article {Pa,
   AUTHOR = {Pandharipande, R.},
    TITLE = {Hodge integrals and degenerate contributions},
  JOURNAL = {Comm. Math. Phys.},
 FJOURNAL = {Communications in Mathematical Physics},
   VOLUME = {208},
     YEAR = {1999},
   NUMBER = {2},
    PAGES = {489--506},
     ISSN = {0010-3616},
    CODEN = {CMPHAY},
  MRCLASS = {14Nxx (14Jxx)},
 MRNUMBER = {1 729 095},
}


@misc{Pa-comm,
    author = {Rahul Pandharipande},
    note="Personal communication."}



@article {Br-Pa,
    AUTHOR = {Bryan, Jim and Pandharipande, Rahul},
     TITLE = {B{P}{S} states of curves in {C}alabi-{Y}au 3-folds},
   JOURNAL = {Geom. Topol.},
  FJOURNAL = {Geometry and Topology},
    VOLUME = {5},
      YEAR = {2001},
     PAGES = {287--318 (electronic)},
      ISSN = {1465-3060},
   MRCLASS = {14Nxx (81T30)},
  MRNUMBER = {1 825 668},
NOTE = {arXiv: math.AG/0009025},
}


@misc{Klemm-Zaslow,
    title = {{Local Mirror Symmetry at Higher Genus}},
    author = {Albrecht Klemm and Eric Zaslow},
    howpublished = {IASSNS-HEP-99-55},
    note = {arXiv:hep-th/9906046}}


@article {HST,
   AUTHOR = {Hosono, S. and Saito, M.-H. and Takahashi, A.},
    TITLE = {Holomorphic anomaly equation and {B}{P}{S} state counting of
             rational elliptic surface},
  JOURNAL = {Adv. Theor. Math. Phys.},
 FJOURNAL = {Advances in Theoretical and Mathematical Physics},
   VOLUME = {3},
     YEAR = {1999},
   NUMBER = {1},
    PAGES = {177--208},
     ISSN = {1095-0761},
  MRCLASS = {14Nxx (14Jxx 32Jxx 81T30)},
 MRNUMBER = {1 704 198},
}



@article {Drost,
   AUTHOR = {Drost, John L.},
    TITLE = {A shorter proof of the {R}amanujan congruence modulo $5$},
  JOURNAL = {Amer. Math. Monthly},
 FJOURNAL = {The American Mathematical Monthly},
   VOLUME = {104},
     YEAR = {1997},
   NUMBER = {10},
    PAGES = {963--964},
     ISSN = {0002-9890},
    CODEN = {AMMYAE},
  MRCLASS = {11P83 (11P81)},
 MRNUMBER = {98k:11144},
   MRREVR = {Richard P. Lewis},
}


@article {Richardson,
   AUTHOR = {Richardson, R. W.},
    TITLE = {Commuting varieties of semisimple {L}ie algebras and algebraic
             groups},
  JOURNAL = {Compositio Math.},
 FJOURNAL = {Compositio Mathematica},
   VOLUME = {38},
     YEAR = {1979},
   NUMBER = {3},
    PAGES = {311--327},
     ISSN = {0010-437X},
    CODEN = {CMPMAF},
  MRCLASS = {17B20 (14L30 22E47)},
 MRNUMBER = {80c:17009},
   MRREVR = {Wim H. Hesselink},
}

@article {Laszlo,
   AUTHOR = {Laszlo, Yves},
    TITLE = {About ${G}$-bundles over elliptic curves},
  JOURNAL = {Ann. Inst. Fourier (Grenoble)},
 FJOURNAL = {Universit\'e de Grenoble. Annales de l'Institut Fourier},
   VOLUME = {48},
     YEAR = {1998},
   NUMBER = {2},
    PAGES = {413--424},
     ISSN = {0373-0956},
    CODEN = {AIFUA7},
  MRCLASS = {14D20 (14F05 14H52)},
 MRNUMBER = {99c:14016},
   MRREVR = {P. E. Newstead},
}

@article {Uhlenbeck-Yau,
   AUTHOR = {Uhlenbeck, K. and Yau, S.-T.},
    TITLE = {On the existence of {H}ermitian-{Y}ang {M}ills connections
             in stable vector bundles},
     NOTE = {Frontiers of the mathematical sciences: 1985 (New York, 1985)},
  JOURNAL = {Comm. Pure Appl. Math.},
 FJOURNAL = {Communications on Pure and Applied Mathematics},
   VOLUME = {39},
     YEAR = {1986},
   NUMBER = {S, suppl.},
    PAGES = {S257--S293},
     ISSN = {0010-3640},
    CODEN = {CPAMA},
  MRCLASS = {58G05 (32L15 53C05 58E15)},
 MRNUMBER = {88i:58154},
   MRREVR = {Daniel S. Freed},
}

@book {HartRD,
   AUTHOR = {Hartshorne, Robin},
    TITLE = {Residues and duality},
     NOTE = {Lecture notes of a seminar on the work of A. Grothendieck,
             given at Harvard 1963/64. With an appendix by P. Deligne.
             Lecture Notes in Mathematics, No. 20},
PUBLISHER = {Springer-Verlag},
  ADDRESS = {Berlin},
     YEAR = {1966},
    PAGES = {vii+423},
  MRCLASS = {14.55},
 MRNUMBER = {36 #5145},
   MRREVR = {R. L. Knighten},
}

@misc{Thomas-Derived,
    title = {{Derived categories for the working mathematician}},
    author = {R. P. Thomas},
year=2000,
    note = {Preprint, math.AG/0001045}}


@book {Weibel,
   AUTHOR = {Weibel, Charles A.},
    TITLE = {An introduction to homological algebra},
PUBLISHER = {Cambridge University Press},
  ADDRESS = {Cambridge},
     YEAR = {1994},
    PAGES = {xiv+450},
     ISBN = {0-521-43500-5},
  MRCLASS = {18-01 (16-01 17-01 20-01 55Uxx)},
 MRNUMBER = {95f:18001},
   MRREVR = {Kenneth A. Brown},
}

@article {Mukai-Semi,
   AUTHOR = {Mukai, Shigeru},
    TITLE = {Semi-homogeneous vector bundles on an {A}belian variety},
  JOURNAL = {J. Math. Kyoto Univ.},
   VOLUME = {18},
     YEAR = {1978},
   NUMBER = {2},
    PAGES = {239--272},
  MRCLASS = {14F05},
 MRNUMBER = {58 #16667},
   MRREVR = {P. E. Newstead},
}



@article {Mukai-Duality,
   AUTHOR = {Mukai, Shigeru},
    TITLE = {Duality between ${D}({X})$\ and ${D}(\hat {X})$\ with its
             application to {P}icard sheaves},
  JOURNAL = {Nagoya Math. J.},
 FJOURNAL = {Nagoya Mathematical Journal},
   VOLUME = {81},
     YEAR = {1981},
    PAGES = {153--175},
     ISSN = {0027-7630},
    CODEN = {NGMJA2},
  MRCLASS = {14K05 (14H40)},
 MRNUMBER = {82f:14036},
   MRREVR = {Allen B. Altman},
}

@article {Simpson,
   AUTHOR = {Simpson, Carlos T.},
    TITLE = {Moduli of representations of the fundamental group of a smooth
             projective variety. {I}},
  JOURNAL = {Inst. Hautes \'Etudes Sci. Publ. Math.},
 FJOURNAL = {Institut des Hautes \'Etudes Scientifiques. Publications
             Math\'ematiques},
   NUMBER = {79},
     YEAR = {1994},
    PAGES = {47--129},
     ISSN = {0073-8301},
    CODEN = {PMIHA6},
  MRCLASS = {14D20 (14D22 14D25 14F05)},
 MRNUMBER = {96e:14012},
   MRREVR = {Nitin Nitsure},
}


@article {Looijenga,
   AUTHOR = {Looijenga, Eduard},
    TITLE = {Root systems and elliptic curves},
  JOURNAL = {Invent. Math.},
   VOLUME = {38},
     YEAR = {1976/77},
   NUMBER = {1},
    PAGES = {17--32},
  MRCLASS = {14B05},
 MRNUMBER = {57 #6015},
   MRREVR = {Henry C. Pinkham},
}

@article {Burns-Wahl,
   AUTHOR = {Burns, Jr., D. M. and Wahl, Jonathan M.},
    TITLE = {Local contributions to global deformations of surfaces},
  JOURNAL = {Invent. Math.},
   VOLUME = {26},
     YEAR = {1974},
    PAGES = {67--88},
  MRCLASS = {14D15 (14B05 32G10)},
 MRNUMBER = {50 #2168},
   MRREVR = {O. Riemenschneider},
}

@book {Whittaker-Watson,
   AUTHOR = {Whittaker, E. T. and Watson, G. N.},
    TITLE = {A course of modern analysis},
     NOTE = {An introduction to the general theory of infinite processes and
             of analytic functions; with an account of the principal
             transcendental functions,
             Reprint of the fourth (1927) edition},
PUBLISHER = {Cambridge University Press},
  ADDRESS = {Cambridge},
     YEAR = {1996},
    PAGES = {vi+608},
     ISBN = {0-521-58807-3},
  MRCLASS = {01A75 (30-01 33-01)},
 MRNUMBER = {97k:01072},
}

@book {Gradshteyn-Ryzhik,
   AUTHOR = {Gradshteyn, I. S. and Ryzhik, I. M.},
    TITLE = {Table of integrals, series, and products},
  EDITION = {Fifth},
     NOTE = {CD-ROM version 1.0 for PC, MAC, and UNIX computers},
PUBLISHER = {Academic Press Inc.},
  ADDRESS = {San Diego, CA},
     YEAR = {1996},
     ISBN = {0-12-294756-8},
  MRCLASS = {00A22 (33-00 65-00 65A05)},
 MRNUMBER = {97c:00014},
}

@misc{Kac-Smilga,
    title = {Vacuum structure in supersymmetric {Y}ang-{M}ills theories with
any gauge group},
    year = 1999,
    author = {V. Kac and A. Smilga},
    note = {Preprint, hep-th/9902029.}
}


@article {Schweigert,
   AUTHOR = {Schweigert, Christoph},
    TITLE = {On moduli spaces of flat connections with non-simply connected
             structure group},
  JOURNAL = {Nuclear Phys. B},
 FJOURNAL = {Nuclear Physics. B},
   VOLUME = {492},
     YEAR = {1997},
   NUMBER = {3},
    PAGES = {743--755},
     ISSN = {0550-3213},
    CODEN = {NUPBBO},
  MRCLASS = {58D27 (14D20 32G13 81T40)},
 MRNUMBER = {98h:58030},
   MRREVR = {Martin Schlichenmaier},
}

@book {A=B,
   AUTHOR = {Petkov{\v{s}}ek, Marko and Wilf, Herbert S. and Zeilberger,
             Doron},
    TITLE = {${A}={B}$},
     NOTE = {With a foreword by Donald E. Knuth,
             With a separately available computer disk},
PUBLISHER = {A K Peters Ltd.},
  ADDRESS = {Wellesley, MA},
     YEAR = {1996},
    PAGES = {xii+212},
     ISBN = {1-56881-063-6},
  MRCLASS = {05-01 (05A10 05A19 33C20 68R05)},
 MRNUMBER = {97j:05001},
   MRREVR = {Peter Paule},
}

@article {Gottsche-Soergel,
   AUTHOR = {G{\"o}ttsche, Lothar and Soergel, Wolfgang},
    TITLE = {Perverse sheaves and the cohomology of {H}ilbert schemes of
             smooth algebraic surfaces},
  JOURNAL = {Math. Ann.},
 FJOURNAL = {Mathematische Annalen},
   VOLUME = {296},
     YEAR = {1993},
   NUMBER = {2},
    PAGES = {235--245},
     ISSN = {0025-5831},
    CODEN = {MAANA3},
  MRCLASS = {14F32 (14C05)},
 MRNUMBER = {94i:14026},
   MRREVR = {Rosa M. Mir{\'o}-Roig},
}

@article {Hirzebruch-Hofer,
   AUTHOR = {Hirzebruch, Friedrich and H{\"o}fer, Thomas},
    TITLE = {On the {E}uler number of an orbifold},
  JOURNAL = {Math. Ann.},
 FJOURNAL = {Mathematische Annalen},
   VOLUME = {286},
     YEAR = {1990},
   NUMBER = {1-3},
    PAGES = {255--260},
     ISSN = {0025-5831},
    CODEN = {MAANA3},
  MRCLASS = {57S17 (14C05 55N25)},
 MRNUMBER = {91g:57038},
   MRREVR = {Matthias Kreck},
}



@article {Bryan-Fulman,
   AUTHOR = {Bryan, Jim and Fulman, Jason},
    TITLE = {Orbifold {E}uler characteristics and the number of commuting
             $m$-tuples in the symmetric groups},
  JOURNAL = {Ann. Comb.},
 FJOURNAL = {Annals of Combinatorics},
   VOLUME = {2},
     YEAR = {1998},
   NUMBER = {1},
    PAGES = {1--6},
     ISSN = {0218-0006},
  MRCLASS = {57-XX (20Bxx)},
 MRNUMBER = {1 682 916},
}

@article {DHVW2,
   AUTHOR = {Dixon, L. and Harvey, J. A. and Vafa, C. and Witten, E.},
    TITLE = {Strings on orbifolds. {I}{I}},
  JOURNAL = {Nuclear Phys. B},
 FJOURNAL = {Nuclear Physics. B},
   VOLUME = {274},
     YEAR = {1986},
   NUMBER = {2},
    PAGES = {285--314},
     ISSN = {0550-3213},
    CODEN = {NUPBBO},
  MRCLASS = {81E20 (32J99 83E15)},
 MRNUMBER = {87k:81104b},
   MRREVR = {Nicholas M. J. Woodhouse},
}

@article {DHVW1,
   AUTHOR = {Dixon, L. and Harvey, J. A. and Vafa, C. and Witten, E.},
    TITLE = {Strings on orbifolds},
  JOURNAL = {Nuclear Phys. B},
 FJOURNAL = {Nuclear Physics. B},
   VOLUME = {261},
     YEAR = {1985},
   NUMBER = {4},
    PAGES = {678--686},
     ISSN = {0550-3213},
    CODEN = {NUPBBO},
  MRCLASS = {81E20 (32J99 57R20 83E15)},
 MRNUMBER = {87k:81104a},
   MRREVR = {Nicholas M. J. Woodhouse},
}

@misc{Borel-Friedman-Morgan,
    title = {Almost commuting elements in compact Lie groups},
    author = {Armand Borel and Robert Friedman and John W. Morgan},
    note = {Preprint, math.GR/9907007.}} # Uses hyperlinked styles

@article {Borel,
   AUTHOR = {Borel, Armand},
    TITLE = {Sous-groupes commutatifs et torsion des groupes de {L}ie
             compacts connexes},
  JOURNAL = {Tohoku Math. J. (2)},
   VOLUME = {13},
     YEAR = {1961},
    PAGES = {216--240},
  MRCLASS = {22.50 (57.40)},
 MRNUMBER = {26 #5094},
   MRREVR = {B. Harris},
}

@book {Knapp,
   AUTHOR = {Knapp, Anthony W.},
    TITLE = {Lie groups beyond an introduction},
PUBLISHER = {Birkh\"auser Boston Inc.},
  ADDRESS = {Boston, MA},
     YEAR = {1996},
    PAGES = {xvi+604},
     ISBN = {0-8176-3926-8},
  MRCLASS = {22-01 (17-01)},
 MRNUMBER = {98b:22002},
   MRREVR = {H. de Vries},
}

@article {Carter,
   AUTHOR = {Carter, R. W.},
    TITLE = {Conjugacy classes in the {W}eyl group},
  JOURNAL = {Compositio Math.},
   VOLUME = {25},
     YEAR = {1972},
    PAGES = {1--59},
  MRCLASS = {20H15 (17B20)},
 MRNUMBER = {47 #6884},
   MRREVR = {Juri A. Bahturin},
}

@book {Fulton-Harris,
   AUTHOR = {Fulton, William and Harris, Joe},
    TITLE = {Representation theory},
     NOTE = {A first course,
             Readings in Mathematics},
PUBLISHER = {Springer-Verlag},
  ADDRESS = {New York},
     YEAR = {1991},
    PAGES = {xvi+551},
     ISBN = {0-387-97527-6; 0-387-97495-4},
  MRCLASS = {20G05 (17B10 20G20 22E46)},
 MRNUMBER = {93a:20069},
   MRREVR = {James E. Humphreys},
}

@book {Huybrechts-Lehn-book,
   AUTHOR = {Huybrechts, Daniel and Lehn, Manfred},
    TITLE = {The geometry of moduli spaces of sheaves},
PUBLISHER = {Friedr. Vieweg \& Sohn},
  ADDRESS = {Braunschweig},
     YEAR = {1997},
    PAGES = {xiv+269},
     ISBN = {3-528-06907-4},
  MRCLASS = {14D20 (14F05)},
 MRNUMBER = {98g:14012},
   MRREVR = {Jean-Marc Drezet},
}

@incollection {Fujiki,
   AUTHOR = {Fujiki, Akira},
    TITLE = {On primitively symplectic compact {K}\"ahler ${V}$-manifolds of
             dimension four},
BOOKTITLE = {Classification of algebraic and analytic manifolds (Katata,
             1982)},
    PAGES = {71--250},
PUBLISHER = {Birkh\"auser Boston},
  ADDRESS = {Boston, Mass.},
     YEAR = {1983},
  MRCLASS = {32G05 (32J99)},
 MRNUMBER = {85k:32040},
   MRREVR = {Daniel Barlet},
}

@article {GuanIII,
   AUTHOR = {Guan, Daniel},
    TITLE = {Examples of compact holomorphic symplectic manifolds which are
             not {K}\"ahlerian. {I}{I}{I}},
  JOURNAL = {Internat. J. Math.},
 FJOURNAL = {International Journal of Mathematics},
   VOLUME = {6},
     YEAR = {1995},
   NUMBER = {5},
    PAGES = {709--718},
     ISSN = {0129-167X},
  MRCLASS = {32J18 (53C56)},
 MRNUMBER = {97i:32034},
   MRREVR = {Laurent Bonavero},
}

@article {GuanII,
   AUTHOR = {Guan, Daniel},
    TITLE = {Examples of compact holomorphic symplectic manifolds which are
             not {K}\"ahlerian. {I}{I}},
  JOURNAL = {Invent. Math.},
 FJOURNAL = {Inventiones Mathematicae},
   VOLUME = {121},
     YEAR = {1995},
   NUMBER = {1},
    PAGES = {135--145},
     ISSN = {0020-9910},
    CODEN = {INVMBH},
  MRCLASS = {32J18 (53C56)},
 MRNUMBER = {97i:32033},
   MRREVR = {Laurent Bonavero},
}



@misc{Bezrukavnikov-Ginzburg,
title = {Hilbert schemes and reductive groups},
author = {R. Bezrukavnikov and V. Ginzburg},
year=1998,
note={In preparation}
}

@article {Reid-bourbaki,
    title = {La correspondance de {McK}ay},
    author = {Miles Reid},
     NOTE = {{S\'e}minaire {B}ourbaki},
   NUMBER = {867},
     YEAR = {1999}
}

@misc{Reid-proc-of-Kinosaki,
    title = {Mc{K}ay correspondence},
    author = {Miles Reid},
    note = {Proc of Kinosaki conference (Nov 1996), and Warwick preprint 1997 (alg-geom/9702016)},
    note = {math.AG/9702016}}


@article {OGrady,
   AUTHOR = {O'Grady, Kieran G.},
    TITLE = {Desingularized moduli spaces of sheaves on a ${K}3$},
  JOURNAL = {J. Reine Angew. Math.},
 FJOURNAL = {Journal f\"ur die Reine und Angewandte Mathematik},
   VOLUME = {512},
     YEAR = {1999},
    PAGES = {49--117},
     ISSN = {0075-4102},
    CODEN = {JRMAA8},
  MRCLASS = {14Dxx (14Jxx)},
 MRNUMBER = {1 703 077},
}

@book {Gott-book,
   AUTHOR = {G{\"o}ttsche, Lothar},
    TITLE = {Hilbert schemes of zero-dimensional subschemes of smooth
             varieties},
PUBLISHER = {Springer-Verlag},
  ADDRESS = {Berlin},
     YEAR = {1994},
    PAGES = {x+196},
     ISBN = {3-540-57814-5},
  MRCLASS = {14C05 (14N10)},
 MRNUMBER = {96e:14001},
   MRREVR = {Raquel Mallavibarrena},
}


@article {Kronheimer-ALE,
   AUTHOR = {Kronheimer, P. B.},
    TITLE = {The construction of {A}{L}{E} spaces as hyper-{K}\"ahler
             quotients},
  JOURNAL = {J. Differential Geom.},
 FJOURNAL = {Journal of Differential Geometry},
   VOLUME = {29},
     YEAR = {1989},
   NUMBER = {3},
    PAGES = {665--683},
     ISSN = {0022-040X},
    CODEN = {JDGEAS},
  MRCLASS = {53C25 (14B07 32L10 32M10 53C55 83C20)},
 MRNUMBER = {90d:53055},
   MRREVR = {Krzysztof Galicki},
}



@article {HKLR,
   AUTHOR = {Hitchin, N. J. and Karlhede, A. and Lindstr{\"o}m, U. and
             Ro{\v{c}}ek, M.},
    TITLE = {Hyper-{K}\"ahler metrics and supersymmetry},
  JOURNAL = {Comm. Math. Phys.},
 FJOURNAL = {Communications in Mathematical Physics},
   VOLUME = {108},
     YEAR = {1987},
   NUMBER = {4},
    PAGES = {535--589},
     ISSN = {0010-3616},
    CODEN = {CMPHAY},
  MRCLASS = {53C25 (32C10 53C55 53C80 58E99 81E99)},
 MRNUMBER = {88g:53048},
   MRREVR = {Pankaj Topiwala},
}

@article {Beauville,
   AUTHOR = {Beauville, Arnaud},
    TITLE = {Vari\'et\'es {K}\"ahleriennes dont la premi\`ere classe de
             {C}hern est nulle},
  JOURNAL = {J. Differential Geom.},
 FJOURNAL = {Journal of Differential Geometry},
   VOLUME = {18},
     YEAR = {1983},
   NUMBER = {4},
    PAGES = {755--782 (1984)},
     ISSN = {0022-040X},
    CODEN = {JDGEAS},
  MRCLASS = {32J25 (14J15 32C10 32G13 53C55)},
 MRNUMBER = {86c:32030},
   MRREVR = {N. J. Hitchin},
}


@book {Nakajima,
   AUTHOR = {Nakajima, Hiraku},
    TITLE = {Lectures on {H}ilbert schemes of points on surfaces},
PUBLISHER = {American Mathematical Society},
  ADDRESS = {Providence, RI},
     YEAR = {1999},
    PAGES = {xii+132},
     ISBN = {0-8218-1956-9},
  MRCLASS = {14C05},
 MRNUMBER = {1 711 344},
}

@book {Nakajima-Hilbert,
   AUTHOR = {Nakajima, Hiraku},
    TITLE = {Lectures on {H}ilbert schemes of points on surfaces},
PUBLISHER = {American Mathematical Society},
  ADDRESS = {Providence, RI},
     YEAR = {1999},
    PAGES = {xii+132},
     ISBN = {0-8218-1956-9},
  MRCLASS = {14C05},
 MRNUMBER = {1 711 344},
}



@article {Katz-Klemm-Vafa,
    AUTHOR = {Katz, Sheldon and Klemm, Albrecht and Vafa, Cumrun},
     TITLE = {M-theory, topological strings and spinning black holes},
   JOURNAL = {Adv. Theor. Math. Phys.},
  FJOURNAL = {Advances in Theoretical and Mathematical Physics},
    VOLUME = {3},
      YEAR = {1999},
    NUMBER = {5},
     PAGES = {1445--1537},
      ISSN = {1095-0761},
   MRCLASS = {81T30 (14J32 14N35 83C57)},
  MRNUMBER = {1 796 683},
}


@misc{KKV,
    title = {M-Theory, Topological Strings and Spinning Black Holes},
    author = {Sheldon Katz and Albrecht Klemm and Cumrun Vafa},
    note = {Preprint: hep-th/9910181}}


@PHDTHESIS{Teodorescu-thesis,
author="Titus Teodorescu",
title= "Semistable torsion-free sheaves over curves of arithmetic genus one",
school="Columbia University",
year=1999}



@misc{Zerger-thesis,
author="Thomas Zerger",
title="Contracting rational curves on smooth complex threefolds",
note="Thesis, Oklahoma State University",
year=1996}

   
@MISC{Gott-priv,
author="Lothar G{\"o}ttsche",
note="Personal communication"}


@misc{Liu,
    title = {Elliptic {G}romov-{W}itten Invariants And {V}irasoro Conjecture},
    author = {Xiaobo Liu},
    note = {Preprint: math.AG/9907113}}

@misc{getzler,
    title = {The {V}irasoro conjecture for {G}romov-{W}itten invariants},
    author = {Ezra Getzler},
    note = {Preprint: math.AG/9812026}} 

@article {Kontsevich-wittenconjs,
   AUTHOR = {Kontsevich, Maxim},
    TITLE = {Intersection theory on the moduli space of curves and the
             matrix {A}iry function},
  JOURNAL = {Comm. Math. Phys.},
 FJOURNAL = {Communications in Mathematical Physics},
   VOLUME = {147},
     YEAR = {1992},
   NUMBER = {1},
    PAGES = {1--23},
     ISSN = {0010-3616},
    CODEN = {CMPHAY},
  MRCLASS = {32G15 (14H15 58F07 81T40)},
 MRNUMBER = {93e:32027},
   MRREVR = {Claude Itzykson},
}

@incollection {Bando-Siu,
   AUTHOR = {Bando, Shigetoshi and Siu, Yum-Tong},
    TITLE = {Stable sheaves and {E}instein-{H}ermitian metrics},
BOOKTITLE = {Geometry and analysis on complex manifolds},
    PAGES = {39--50},
PUBLISHER = {World Sci. Publishing},
  ADDRESS = {River Edge, NJ},
     YEAR = {1994},
  MRCLASS = {32L07 (53C07)},
 MRNUMBER = {98e:32053},
   MRREVR = {Daniel Huybrechts},
}


@article {Leung-thesis,
   AUTHOR = {Leung, Naichung Conan},
    TITLE = {Einstein type metrics and stability on vector bundles},
  JOURNAL = {J. Differential Geom.},
 FJOURNAL = {Journal of Differential Geometry},
   VOLUME = {45},
     YEAR = {1997},
   NUMBER = {3},
    PAGES = {514--546},
     ISSN = {0022-040X},
    CODEN = {JDGEAS},
  MRCLASS = {53C07 (14D20 32L07 58E15)},
 MRNUMBER = {99a:53022},
   MRREVR = {Steven B. Bradlow},
}




@article {BKL,
    AUTHOR = {Bryan, Jim and Katz, Sheldon and Leung, Naichung Conan},
     TITLE = {Multiple covers and the integrality conjecture for rational
              curves in {C}alabi-{Y}au threefolds},
   JOURNAL = {J. Algebraic Geom.},
  FJOURNAL = {Journal of Algebraic Geometry},
    VOLUME = {10},
      YEAR = {2001},
    NUMBER = {3},
     PAGES = {549--568},
      ISSN = {1056-3911},
   MRCLASS = {14J32 (14Hxx 14Nxx)},
  MRNUMBER = {1 832 332},
 note = {Preprint version: math.AG/9911056}
}

@article {BDL,
    AUTHOR = {Bryan, Jim and Donagi, Ron and Leung, Naichung Conan},
     TITLE = {${G}$-bundles on abelian surfaces, hyperk\"ahler manifolds,
              and stringy {H}odge numbers},
   JOURNAL = {Turkish J. Math.},
  FJOURNAL = {Turkish Journal of Mathematics},
    VOLUME = {25},
      YEAR = {2001},
    NUMBER = {1},
     PAGES = {195--236},
      ISSN = {1300-0098},
   MRCLASS = {32Qxx (14Fxx 53Cxx)},
  MRNUMBER = {1 829 088},
note = {Preprint version: math.AG/0004159}}
}



@misc{Go-Va,
    title = {M-Theory and Topological Strings--{II}},
    author = {Rajesh Gopakumar and Cumrun Vafa},
    year=1998,
    note = {Preprint, hep-th/9812127}} 


@article {Aspinwall-Morrison,
   AUTHOR = {Aspinwall, Paul S. and Morrison, David R.},
    TITLE = {Topological field theory and rational curves},
  JOURNAL = {Comm. Math. Phys.},
 FJOURNAL = {Communications in Mathematical Physics},
   VOLUME = {151},
     YEAR = {1993},
   NUMBER = {2},
    PAGES = {245--262},
     ISSN = {0010-3616},
    CODEN = {CMPHAY},
  MRCLASS = {32G13 (14J30 14N10 32G81 32J81 81T30)},
 MRNUMBER = {94h:32033},
   MRREVR = {Anatoly Libgober},
}


@incollection {Katz,
   AUTHOR = {Katz, Sheldon},
    TITLE = {Small resolutions of {G}orenstein threefold singularities},
BOOKTITLE = {Algebraic geometry: Sundance 1988},
    PAGES = {61--70},
PUBLISHER = {Amer. Math. Soc.},
  ADDRESS = {Providence, RI},
     YEAR = {1991},
  MRCLASS = {14B05 (14E15 32S25 32S45)},
 MRNUMBER = {92f:14001},
   MRREVR = {Jonathan M. Wahl},
}

@incollection {Mukai-Senai,
   AUTHOR = {Mukai, Shigeru},
    TITLE = {Fourier functor and its application to the moduli of bundles on
             an abelian variety},
BOOKTITLE = {Algebraic geometry, Sendai, 1985},
    PAGES = {515--550},
PUBLISHER = {North-Holland},
  ADDRESS = {Amsterdam},
     YEAR = {1987},
  MRCLASS = {14F05 (14K10 32L10)},
 MRNUMBER = {89k:14026},
   MRREVR = {H. Lange},
}

@article {Vafa-orbifold-numbers,
   AUTHOR = {Vafa, Cumrun},
    TITLE = {String vacua and orbifoldized {L}{G} models},
  JOURNAL = {Modern Phys. Lett. A},
 FJOURNAL = {Modern Physics Letters A. Particles and Fields, Gravitation,
             Cosmology, Nuclear Physics},
   VOLUME = {4},
     YEAR = {1989},
   NUMBER = {12},
    PAGES = {1169--1185},
     ISSN = {0217-7323},
}

@article {Zaslow,
   AUTHOR = {Zaslow, Eric},
    TITLE = {Topological orbifold models and quantum cohomology rings},
  JOURNAL = {Comm. Math. Phys.},
 FJOURNAL = {Communications in Mathematical Physics},
   VOLUME = {156},
     YEAR = {1993},
   NUMBER = {2},
    PAGES = {301--331},
     ISSN = {0010-3616},
    CODEN = {CMPHAY},
}

@article {Huybrechts,
   AUTHOR = {Huybrechts, Daniel},
    TITLE = {Compact hyper-{K}\"ahler manifolds: basic results},
  JOURNAL = {Invent. Math.},
 FJOURNAL = {Inventiones Mathematicae},
   VOLUME = {135},
     YEAR = {1999},
   NUMBER = {1},
    PAGES = {63--113},
     ISSN = {0020-9910},
    CODEN = {INVMBH},
}

@article {Huybrechts-Lehn,
   AUTHOR = {Huybrechts, D. and Lehn, M.},
    TITLE = {Framed modules and their moduli},
  JOURNAL = {Internat. J. Math.},
 FJOURNAL = {International Journal of Mathematics},
   VOLUME = {6},
     YEAR = {1995},
   NUMBER = {2},
    PAGES = {297--324},
     ISSN = {0129-167X},
}


@incollection {Gott-stringy,
   AUTHOR = {G{\"o}ttsche, Lothar},
    TITLE = {Orbifold-{H}odge numbers of {H}ilbert schemes},
BOOKTITLE = {Parameter spaces (Warsaw, 1994)},
    PAGES = {83--87},
PUBLISHER = {Polish Acad. Sci.},
  ADDRESS = {Warsaw},
     YEAR = {1996},
}

@article {Batyrev-Dais,
   AUTHOR = {Batyrev, Victor V. and Dais, Dimitrios I.},
    TITLE = {Strong {M}c{K}ay correspondence, string-theoretic {H}odge
             numbers and mirror symmetry},
  JOURNAL = {Topology},
 FJOURNAL = {Topology. An International Journal of Mathematics},
   VOLUME = {35},
     YEAR = {1996},
   NUMBER = {4},
    PAGES = {901--929},
     ISSN = {0040-9383},
    CODEN = {TPLGAF},
}

@incollection {Donagi2,
   AUTHOR = {Donagi, Ron},
    TITLE = {Taniguchi lectures on principal bundles on elliptic fibrations},
BOOKTITLE = {Integrable systems and algebraic geometry (Kobe/Kyoto, 1997)},
    PAGES = {33--46},
PUBLISHER = {World Sci. Publishing},
  ADDRESS = {River Edge, NJ},
     YEAR = {1998},
}
@article {Donagi1,
   AUTHOR = {Donagi, Ron},
    TITLE = {Principal bundles on elliptic fibrations},
  JOURNAL = {Asian J. Math.},
 FJOURNAL = {The Asian Journal of Mathematics},
   VOLUME = {1},
     YEAR = {1997},
   NUMBER = {2},
    PAGES = {214--223},
     ISSN = {1093-6106},
}

@article {Fr-Mo-Wi3,
   AUTHOR = {Friedman, Robert and Morgan, John W. and Witten, Edward},
    TITLE = {Vector bundles over elliptic fibrations},
  JOURNAL = {J. Algebraic Geom.},
 FJOURNAL = {Journal of Algebraic Geometry},
   VOLUME = {8},
     YEAR = {1999},
   NUMBER = {2},
    PAGES = {279--401},
     ISSN = {1056-3911},
}
@article {Fr-Mo-Wi2,
   AUTHOR = {Friedman, Robert and Morgan, John W. and Witten, Edward},
    TITLE = {Principal ${G}$-bundles over elliptic curves},
  JOURNAL = {Math. Res. Lett.},
 FJOURNAL = {Mathematical Research Letters},
   VOLUME = {5},
     YEAR = {1998},
   NUMBER = {1-2},
    PAGES = {97--118},
     ISSN = {1073-2780},
}
@article {Fr-Mo-Wi1,
   AUTHOR = {Friedman, Robert and Morgan, John and Witten, Edward},
    TITLE = {Vector bundles and {F}-theory},
  JOURNAL = {Comm. Math. Phys.},
 FJOURNAL = {Communications in Mathematical Physics},
   VOLUME = {187},
     YEAR = {1997},
   NUMBER = {3},
    PAGES = {679--743},
     ISSN = {0010-3616},
    CODEN = {CMPHAY},
}




@article {Fa-Pa,
   AUTHOR = {Faber, C. and Pandharipande, R.},
    TITLE = {Hodge integrals and {G}romov-{W}itten theory},
  JOURNAL = {Invent. Math.},
 FJOURNAL = {Inventiones Mathematicae},
   VOLUME = {139},
     YEAR = {2000},
   NUMBER = {1},
    PAGES = {173--199},
     ISSN = {0020-9910},
    CODEN = {INVMBH},
  MRCLASS = {14Nxx},
 MRNUMBER = {1 728 879},
}


@article {Wahl,
   AUTHOR = {Wahl, Jonathan M.},
    TITLE = {Equisingular deformations of normal surface singularities. {I}},
  JOURNAL = {Ann. of Math. (2)},
   VOLUME = {104},
     YEAR = {1976},
   NUMBER = {2},
    PAGES = {325--356},
}

@article {Cl,
   AUTHOR = {Clemens, Herbert},
    TITLE = {The infinitesimal {A}bel-{J}acobi mapping and moving the $\mathcal
             {O}(2)\oplus\mathcal {O}(-4)$ curve},
  JOURNAL = {Duke Math. J.},
 FJOURNAL = {Duke Mathematical Journal},
   VOLUME = {59},
     YEAR = {1989},
   NUMBER = {1},
    PAGES = {233--240},
     ISSN = {0012-7094},
    CODEN = {DUMJAO},
}

@article {Br1,
   AUTHOR = {Brieskorn, E.},
    TITLE = {Singular elements of semi-simple algebraic groups},
BOOKTITLE = {Actes du Congr\`es International des Math\'ematiciens (Nice,
             1970), Tome 2},
    PAGES = {279--284},
PUBLISHER = {Gauthier-Villars},
  ADDRESS = {Paris},
     YEAR = {1971},
}
@article {Br3,
   AUTHOR = {Brieskorn, Egbert},
    TITLE = {Die {A}ufl\"osung der rationalen {S}ingularit\"aten holomorpher
             {A}bbildungen},
  JOURNAL = {Math. Ann.},
   VOLUME = {178},
     YEAR = {1968},
    PAGES = {255--270},
}
@article {Br2,
   AUTHOR = {Brieskorn, Egbert},
    TITLE = {\"{U}ber die {A}ufl\"osung gewisser {S}ingularit\"aten von
             holomorphen {A}bbildungen},
  JOURNAL = {Math. Ann.},
   VOLUME = {166},
     YEAR = {1966},
    PAGES = {76--102},
}

@article {Fr,
   AUTHOR = {Friedman, Robert},
    TITLE = {Simultaneous resolution of threefold double points},
  JOURNAL = {Math. Ann.},
 FJOURNAL = {Mathematische Annalen},
   VOLUME = {274},
     YEAR = {1986},
   NUMBER = {4},
    PAGES = {671--689},
     ISSN = {0025-5831},
    CODEN = {MAANA3},
}

@incollection {Pi,
   AUTHOR = {Pinkham, Henry C.},
    TITLE = {Factorization of birational maps in dimension $3$},
BOOKTITLE = {Singularities, Part 2 (Arcata, Calif., 1981)},
    PAGES = {343--371},
PUBLISHER = {Amer. Math. Soc.},
  ADDRESS = {Providence, RI},
     YEAR = {1983},
}

@article {Ji,
   AUTHOR = {Jim{\'e}nez, Jes{\'u}s},
    TITLE = {Contraction of nonsingular curves},
  JOURNAL = {Duke Math. J.},
 FJOURNAL = {Duke Mathematical Journal},
   VOLUME = {65},
     YEAR = {1992},
   NUMBER = {2},
    PAGES = {313--332},
     ISSN = {0012-7094},
    CODEN = {DUMJAO},
}

@article {Ka-Mo,
   AUTHOR = {Katz, Sheldon and Morrison, David R.},
    TITLE = {Gorenstein threefold singularities with small resolutions via
             invariant theory for {W}eyl groups},
  JOURNAL = {J. Algebraic Geom.},
 FJOURNAL = {Journal of Algebraic Geometry},
   VOLUME = {1},
     YEAR = {1992},
   NUMBER = {3},
    PAGES = {449--530},
     ISSN = {1056-3911},
}

@incollection {Pagota,
   AUTHOR = {Reid, Miles},
    TITLE = {Minimal models of canonical $3$-folds},
BOOKTITLE = {Algebraic varieties and analytic varieties (Tokyo, 1981)},
    PAGES = {131--180},
PUBLISHER = {North-Holland},
  ADDRESS = {Amsterdam},
     YEAR = {1983},
}

@article {CKM,
   AUTHOR = {Clemens, Herbert and Koll{\'a}r, J{\'a}nos and Mori, Shigefumi},
    TITLE = {Higher-dimensional complex geometry},
  JOURNAL = {Ast\'erisque},
 FJOURNAL = {Ast\'erisque},
   NUMBER = {166},
     YEAR = {1988},
    PAGES = {144 pp. (1989)},
     ISSN = {0303-1179},
}

@article {Voisin,
   AUTHOR = {Voisin, Claire},
    TITLE = {A mathematical proof of a formula of {A}spinwall and
             {M}orrison},
  JOURNAL = {Compositio Math.},
 FJOURNAL = {Compositio Mathematica},
   VOLUME = {104},
     YEAR = {1996},
   NUMBER = {2},
    PAGES = {135--151},
     ISSN = {0010-437X},
    CODEN = {CMPMAF},
}


@book {coxkatz,
   AUTHOR = {Cox, David A. and Katz, Sheldon},
    TITLE = {Mirror symmetry and algebraic geometry},
PUBLISHER = {American Mathematical Society, Providence, RI},
     YEAR = {1999},
    PAGES = {xxii+469},
     ISBN = {0-8218-1059-6},
}


@article {Al-Kl2,
   AUTHOR = {Altman, Allen B. and Kleiman, Steven L.},
    TITLE = {Compactifying the {P}icard scheme. {I}{I}},
  JOURNAL = {Amer. J. Math.},
 FJOURNAL = {American Journal of Mathematics},
   VOLUME = {101},
     YEAR = {1979},
   NUMBER = {1},
    PAGES = {10--41},
     ISSN = {0002-9327},
    CODEN = {AJMAAN},
}
@article {Al-Kl1,
   AUTHOR = {Altman, Allen B. and Kleiman, Steven L.},
    TITLE = {Compactifying the {P}icard scheme},
  JOURNAL = {Adv. in Math.},
 FJOURNAL = {Advances in Mathematics},
   VOLUME = {35},
     YEAR = {1980},
   NUMBER = {1},
    PAGES = {50--112},
     ISSN = {0001-8708},
    CODEN = {ADMTA4},
}
@inbook {Al-Kl3,
   AUTHOR = {Altman, Allen B. and Iarrobino, Anthony and Kleiman, Steven L.},
    TITLE = {Irreducibility of the compactified {J}acobian},
BOOKTITLE = {Real and complex singularities (Proc. Ninth Nordic Summer
             School/NAVF Sympos. Math., Oslo, 1976)},
    PAGES = {1--12},
PUBLISHER = {Sijthoff and Noordhoff, Alphen aan den Rijn},
     YEAR = {1977},
}
@article {Al-Kl4,
   AUTHOR = {Altman, Allen B. and Kleiman, Steven L.},
    TITLE = {Compactifying the {J}acobian},
  JOURNAL = {Bull. Amer. Math. Soc.},
   VOLUME = {82},
     YEAR = {1976},
   NUMBER = {6},
    PAGES = {947--949},
}


@article {L-L-Yau,
   AUTHOR = {Lian, Bong H. and Liu, Kefeng and Yau, Shing-Tung},
    TITLE = {Mirror principle. {I}},
  JOURNAL = {Asian J. Math.},
 FJOURNAL = {The Asian Journal of Mathematics},
   VOLUME = {1},
     YEAR = {1997},
   NUMBER = {4},
    PAGES = {729--763},
     ISSN = {1093-6106},
}


@incollection {MR1492536,
   AUTHOR = {Li, Jun and Tian, Gang},
    TITLE = {Algebraic and symplectic geometry of {G}romov-{W}itten
             invariants},
BOOKTITLE = {Algebraic geometry---Santa Cruz 1995},
    PAGES = {143--170},
   SERIES = {Proc. Sympos. Pure Math.},
   VOLUME = {62},
PUBLISHER = {Amer. Math. Soc.},
  ADDRESS = {Providence, RI},
     YEAR = {1997},
}
@article {MR98i:14015,
   AUTHOR = {Behrend, K.},
    TITLE = {Gromov-{W}itten invariants in algebraic geometry},
  JOURNAL = {Invent. Math.},
 FJOURNAL = {Inventiones Mathematicae},
   VOLUME = {127},
     YEAR = {1997},
   NUMBER = {3},
    PAGES = {601--617},
     ISSN = {0020-9910},
    CODEN = {INVMBH},
}
@article {MR98i:14014,
   AUTHOR = {Behrend, K. and Manin, Yu.},
    TITLE = {Stacks of stable maps and {G}romov-{W}itten invariants},
  JOURNAL = {Duke Math. J.},
 FJOURNAL = {Duke Mathematical Journal},
   VOLUME = {85},
     YEAR = {1996},
   NUMBER = {1},
    PAGES = {1--60},
     ISSN = {0012-7094},
    CODEN = {DUMJAO},
}

@article {MR98h:58031,
   AUTHOR = {Audin, Mich{\`e}le},
    TITLE = {Cohomologie quantique},
     NOTE = {S\'eminaire Bourbaki, Vol.\ 1995/96},
  JOURNAL = {Ast\'erisque},
 FJOURNAL = {Ast\'erisque},
   NUMBER = {241},
     YEAR = {1997},
    PAGES = {Exp.\ No.\ 806, 3, 29--58},
     ISSN = {0303-1179},
}
@incollection {MR98h:32050,
   AUTHOR = {Ruan, Yongbin},
    TITLE = {Symplectic topology and complex surfaces},
BOOKTITLE = {Geometry and analysis on complex manifolds},
    PAGES = {171--197},
PUBLISHER = {World Sci. Publishing},
  ADDRESS = {River Edge, NJ},
     YEAR = {1994},
}

@article {MR98h:14069,
   AUTHOR = {Voisin, Claire},
    TITLE = {A mathematical proof of a formula of {A}spinwall and
             {M}orrison},
  JOURNAL = {Compositio Math.},
 FJOURNAL = {Compositio Mathematica},
   VOLUME = {104},
     YEAR = {1996},
   NUMBER = {2},
    PAGES = {135--151},
     ISSN = {0010-437X},
    CODEN = {CMPMAF},
}
@article {MR98h:14013,
   AUTHOR = {Kim, Bumsig},
    TITLE = {On equivariant quantum cohomology},
  JOURNAL = {Internat. Math. Res. Notices},
 FJOURNAL = {International Mathematics Research Notices},
   VOLUME = {1996},
   NUMBER = {17},
    PAGES = {841--851},
     ISSN = {1073-7928},
}
@proceedings {MR98h:14003,
    TITLE = {Algebraic geometry---{S}anta {C}ruz 1995},
BOOKTITLE = {Proceedings of the AMS Summer Research Institute held at the
             University of California, Santa Cruz, CA, July 9--29, 1995},
   EDITOR = {Koll{\'a}r, J{\'a}nos and Lazarsfeld, Robert and Morrison,
             David R.},
   SERIES = {Proceedings of Symposia in Pure Mathematics},
   VOLUME = {62},
PUBLISHER = {American Mathematical Society},
  ADDRESS = {Providence, RI},
     YEAR = {1997},
    PAGES = {xviii+449},
     ISBN = {0-8218-0895-8; 0-8218-0493-6},
}
@incollection {MR98g:14045,
   AUTHOR = {Wilson, P. M. H.},
    TITLE = {The role of $c\sb 2$ in {C}alabi-{Y}au classification---a
             preliminary survey},
BOOKTITLE = {Mirror symmetry, II},
    PAGES = {381--392},
   SERIES = {AMS/IP Stud. Adv. Math.},
   VOLUME = {1},
PUBLISHER = {Amer. Math. Soc.},
  ADDRESS = {Providence, RI},
     YEAR = {1997},
}
@incollection {MR98g:14044,
   AUTHOR = {Morrison, David R.},
    TITLE = {Mathematical aspects of mirror symmetry},
BOOKTITLE = {Complex algebraic geometry (Park City, UT, 1993)},
    PAGES = {265--327},
   SERIES = {IAS/Park City Math. Ser.},
   VOLUME = {3},
PUBLISHER = {Amer. Math. Soc.},
  ADDRESS = {Providence, RI},
     YEAR = {1997},
}
@incollection {MR98f:58048,
   AUTHOR = {Hitchin, Nigel},
    TITLE = {Frobenius manifolds},
     NOTE = {With notes by David Calderbank},
BOOKTITLE = {Gauge theory and symplectic geometry (Montreal, PQ, 1995)},
    PAGES = {69--112},
   SERIES = {NATO Adv. Sci. Inst. Ser. C Math. Phys. Sci.},
   VOLUME = {488},
PUBLISHER = {Kluwer Acad. Publ.},
  ADDRESS = {Dordrecht},
     YEAR = {1997},
}
@article {MR98f:14018,
   AUTHOR = {Getzler, E.},
    TITLE = {Intersection theory on $\overline{\scr {M}}\sb {1,4}$ and
             elliptic {G}romov-{W}itten invariants},
  JOURNAL = {J. Amer. Math. Soc.},
 FJOURNAL = {Journal of the American Mathematical Society},
   VOLUME = {10},
     YEAR = {1997},
   NUMBER = {4},
    PAGES = {973--998},
     ISSN = {0894-0347},
}
@incollection {MR98d:57057,
   AUTHOR = {Mohnke, Klaus},
    TITLE = {On {S}eiberg-{W}itten equations on symplectic $4$-manifolds},
BOOKTITLE = {Symplectic singularities and geometry of gauge fields (Warsaw,
             1995)},
    PAGES = {89--104},
   SERIES = {Banach Center Publ.},
   VOLUME = {39},
PUBLISHER = {Polish Acad. Sci.},
  ADDRESS = {Warsaw},
     YEAR = {1997},
}
@article {MR98d:14063,
   AUTHOR = {Fomin, Sergey and Gelfand, Sergei and Postnikov, Alexander},
    TITLE = {Quantum {S}chubert polynomials},
  JOURNAL = {J. Amer. Math. Soc.},
 FJOURNAL = {Journal of the American Mathematical Society},
   VOLUME = {10},
     YEAR = {1997},
   NUMBER = {3},
    PAGES = {565--596},
     ISSN = {0894-0347},
}
@incollection {MR98c:58016,
   AUTHOR = {Witten, Edward},
    TITLE = {The {V}erlinde algebra and the cohomology of the
             {G}rassmannian},
BOOKTITLE = {Geometry, topology, \& physics},
    PAGES = {357--422},
   SERIES = {Conf. Proc. Lecture Notes Geom. Topology, IV},
PUBLISHER = {Internat. Press},
  ADDRESS = {Cambridge, MA},
     YEAR = {1995},
}
@article {MR98c:14006,
   AUTHOR = {Kaufmann, Ralph},
    TITLE = {The intersection form in ${\scr {H}}\sp *(\overline{\scr
             {M}}\sb {0n})$ and the explicit {K}\"unneth formula in quantum
             cohomology},
  JOURNAL = {Internat. Math. Res. Notices},
 FJOURNAL = {International Mathematics Research Notices},
   VOLUME = {1996},
   NUMBER = {19},
    PAGES = {929--952},
     ISSN = {1073-7928},
}
@incollection {MR98a:14015,
   AUTHOR = {Deligne, P.},
    TITLE = {Local behavior of {H}odge structures at infinity},
BOOKTITLE = {Mirror symmetry, II},
    PAGES = {683--699},
   SERIES = {AMS/IP Stud. Adv. Math.},
   VOLUME = {1},
PUBLISHER = {Amer. Math. Soc.},
  ADDRESS = {Providence, RI},
     YEAR = {1997},
}
@inproceedings {MR97j:58013,
   AUTHOR = {Givental, Alexander B.},
    TITLE = {Homological geometry and mirror symmetry},
BOOKTITLE = {Proceedings of the International Congress of Mathematicians,
             Vol.\ 1, 2 (Z\"urich, 1994)},
    PAGES = {472--480},
PUBLISHER = {Birkh\"auser},
  ADDRESS = {Basel},
     YEAR = {1995},
}
@incollection {MR97j:14062,
   AUTHOR = {Morrison, David R.},
    TITLE = {Making enumerative predictions by means of mirror symmetry},
BOOKTITLE = {Mirror symmetry, II},
    PAGES = {457--482},
   SERIES = {AMS/IP Stud. Adv. Math.},
   VOLUME = {1},
PUBLISHER = {Amer. Math. Soc.},
  ADDRESS = {Providence, RI},
     YEAR = {1997},
}
@book {MR97i:81001,
   AUTHOR = {Greiner, Walter and Reinhardt, Joachim},
    TITLE = {Field quantization},
     NOTE = {Translated from the German,
             With a foreword by D. A. Bromley},
PUBLISHER = {Springer-Verlag},
  ADDRESS = {Berlin},
     YEAR = {1996},
    PAGES = {xiv+440},
     ISBN = {3-540-59179-6},
}
@book {MR97i:32026,
   AUTHOR = {Voisin, Claire},
    TITLE = {Sym\'etrie miroir},
   SERIES = {Panoramas et Synth\`eses [Panoramas and Syntheses]},
   VOLUME = {2},
PUBLISHER = {Soci\'et\'e Math\'ematique de France},
  ADDRESS = {Paris},
     YEAR = {1996},
    PAGES = {iv+148},
     ISBN = {2-85629-048-5},
}
@article {MR97g:58022,
   AUTHOR = {Biran, Paul},
    TITLE = {Connectedness of spaces of symplectic embeddings},
  JOURNAL = {Internat. Math. Res. Notices},
 FJOURNAL = {International Mathematics Research Notices},
   VOLUME = {1996},
   NUMBER = {10},
    PAGES = {487--491},
     ISSN = {1073-7928},
}
@inproceedings {MR97f:32040,
   AUTHOR = {Kontsevich, Maxim},
    TITLE = {Homological algebra of mirror symmetry},
BOOKTITLE = {Proceedings of the International Congress of Mathematicians,
             Vol.\ 1, 2 (Z\"urich, 1994)},
    PAGES = {120--139},
PUBLISHER = {Birkh\"auser},
  ADDRESS = {Basel},
     YEAR = {1995},
}
@article {MR97f:14053,
   AUTHOR = {Katz, Sheldon},
    TITLE = {Gromov-{W}itten invariants via algebraic geometry},
     NOTE = {$S$-duality and mirror symmetry (Trieste, 1995)},
  JOURNAL = {Nuclear Phys. B Proc. Suppl.},
 FJOURNAL = {Nuclear Physics B. Proceedings Supplement},
   VOLUME = {46},
     YEAR = {1996},
    PAGES = {108--115},
     ISSN = {0920-5632},
}
@article {MR97f:14052,
   AUTHOR = {Jinzenji, Masao and Sun, Yi},
    TITLE = {Calculation of {G}romov-{W}itten invariants for ${\bf {C}}{\rm
             {P}}\sp 3$, ${\bf {C}}{\rm {P}}\sp 4$ and ${\rm {G}r}(2,4)$},
  JOURNAL = {Internat. J. Modern Phys. A},
 FJOURNAL = {International Journal of Modern Physics A. Particles and
             Fields. Gravitation. Cosmology. Nuclear Physics},
   VOLUME = {11},
     YEAR = {1996},
   NUMBER = {1},
    PAGES = {171--202},
     ISSN = {0217-751X},
}
@article {MR97e:58031,
   AUTHOR = {Polterovich, L.},
    TITLE = {Gromov's ${K}$-area and symplectic rigidity},
  JOURNAL = {Geom. Funct. Anal.},
 FJOURNAL = {Geometric and Functional Analysis},
   VOLUME = {6},
     YEAR = {1996},
   NUMBER = {4},
    PAGES = {726--739},
     ISSN = {1016-443X},
}
@article {MR97e:14064,
   AUTHOR = {Kontsevich, M. and Manin, Yu.},
    TITLE = {Quantum cohomology of a product},
     NOTE = {With an appendix by R. Kaufmann},
  JOURNAL = {Invent. Math.},
 FJOURNAL = {Inventiones Mathematicae},
   VOLUME = {124},
     YEAR = {1996},
   NUMBER = {1-3},
    PAGES = {313--339},
     ISSN = {0020-9910},
    CODEN = {INVMBH},
}
@article {MR97e:14015,
   AUTHOR = {Givental, Alexander B.},
    TITLE = {Equivariant {G}romov-{W}itten invariants},
  JOURNAL = {Internat. Math. Res. Notices},
 FJOURNAL = {International Mathematics Research Notices},
   VOLUME = {1996},
   NUMBER = {13},
    PAGES = {613--663},
     ISSN = {1073-7928},
}
@proceedings {MR97d:81006,
    TITLE = {${S}$-duality and mirror symmetry},
BOOKTITLE = {Proceedings of the conference held in Trieste, June 5--9, 1995},
   EDITOR = {Gava, E. and Narain, K. S. and Vafa, C.},
     NOTE = {Nuclear Phys. B Proc. Suppl. {\bf 46} (1996)},
PUBLISHER = {North-Holland Publishing Co.},
  ADDRESS = {Amsterdam},
     YEAR = {1996},
    PAGES = {i--viii and 1--269},
     ISSN = {0920-5632},
}
@article {MR97d:58042,
   AUTHOR = {Ruan, Yongbin},
    TITLE = {Topological sigma model and {D}onaldson-type invariants in
             {G}romov theory},
  JOURNAL = {Duke Math. J.},
 FJOURNAL = {Duke Mathematical Journal},
   VOLUME = {83},
     YEAR = {1996},
   NUMBER = {2},
    PAGES = {461--500},
     ISSN = {0012-7094},
    CODEN = {DUMJAO},
}
@incollection {MR97d:58038,
   AUTHOR = {Dubrovin, Boris},
    TITLE = {Geometry of $2${D} topological field theories},
BOOKTITLE = {Integrable systems and quantum groups (Montecatini Terme,
             1993)},
    PAGES = {120--348},
   SERIES = {Lecture Notes in Math.},
   VOLUME = {1620},
PUBLISHER = {Springer},
  ADDRESS = {Berlin},
     YEAR = {1996},
}
@article {MR97d:58029,
   AUTHOR = {Ruan, Yongbin and Tian, Gang},
    TITLE = {Higher genus symplectic invariants and sigma model coupled with
             gravity},
  JOURNAL = {Turkish J. Math.},
 FJOURNAL = {Turkish Journal of Mathematics},
   VOLUME = {20},
     YEAR = {1996},
   NUMBER = {1},
    PAGES = {75--83},
     ISSN = {1300-0098},
}
@incollection {MR97d:14078,
   AUTHOR = {Kontsevich, Maxim},
    TITLE = {Rigorous results in topological $\sigma$-model},
BOOKTITLE = {XIth International Congress of Mathematical Physics (Paris,
             1994)},
    PAGES = {47--59},
PUBLISHER = {Internat. Press},
  ADDRESS = {Cambridge, MA},
     YEAR = {1995},
}
@book {MR97d:00024,
    TITLE = {Mirror symmetry. {I}{I}},
   EDITOR = {Greene, B. and Yau, S.-T.},
   SERIES = {AMS/IP Studies in Advanced Mathematics},
   VOLUME = {1},
PUBLISHER = {American Mathematical Society},
  ADDRESS = {Providence, RI},
     YEAR = {1997},
    PAGES = {xvi+844},
     ISBN = {0-8218-0634-3},
}
@article {MR97c:14052,
   AUTHOR = {Givental{\cprime}, A. B.},
    TITLE = {Homological geometry. {I}. {P}rojective hypersurfaces},
  JOURNAL = {Selecta Math. (N.S.)},
 FJOURNAL = {Selecta Mathematica. New Series},
   VOLUME = {1},
     YEAR = {1995},
   NUMBER = {2},
    PAGES = {325--345},
     ISSN = {1022-1824},
}
@article {MR96m:58033,
   AUTHOR = {Ruan, Yongbin and Tian, Gang},
    TITLE = {A mathematical theory of quantum cohomology},
  JOURNAL = {J. Differential Geom.},
 FJOURNAL = {Journal of Differential Geometry},
   VOLUME = {42},
     YEAR = {1995},
   NUMBER = {2},
    PAGES = {259--367},
     ISSN = {0022-040X},
    CODEN = {JDGEAS},
}
@article {MR96h:14071,
   AUTHOR = {Ciocan-Fontanine, Ionu{\c{t}}},
    TITLE = {Quantum cohomology of flag varieties},
  JOURNAL = {Internat. Math. Res. Notices},
 FJOURNAL = {International Mathematics Research Notices},
   VOLUME = {1995},
   NUMBER = {6},
    PAGES = {263--277},
     ISSN = {1073-7928},
}
@article {MR96f:14066,
   AUTHOR = {Bertram, Aaron and Daskalopoulos, Georgios and Wentworth,
             Richard},
    TITLE = {Gromov invariants for holomorphic maps from {R}iemann surfaces
             to {G}rassmannians},
  JOURNAL = {J. Amer. Math. Soc.},
 FJOURNAL = {Journal of the American Mathematical Society},
   VOLUME = {9},
     YEAR = {1996},
   NUMBER = {2},
    PAGES = {529--571},
     ISSN = {0894-0347},
}
@incollection {MR96e:14062,
   AUTHOR = {Katz, Sheldon},
    TITLE = {Rational curves on {C}alabi-{Y}au manifolds: verifying
             predictions of mirror symmetry},
BOOKTITLE = {Projective geometry with applications},
    PAGES = {231--239},
   SERIES = {Lecture Notes in Pure and Appl. Math.},
   VOLUME = {166},
PUBLISHER = {Dekker},
  ADDRESS = {New York},
     YEAR = {1994},
}
@article {MR96e:14061,
   AUTHOR = {Itzykson, C.},
    TITLE = {Counting rational curves on rational surfaces},
     NOTE = {Perspectives on solvable models},
  JOURNAL = {Internat. J. Modern Phys. B},
 FJOURNAL = {International Journal of Modern Physics B. Condensed Matter
             Physics. Statistical Physics. Applied Physics},
   VOLUME = {8},
     YEAR = {1994},
   NUMBER = {25-26},
    PAGES = {3703--3724},
     ISSN = {0217-9792},
}
@article {MR95i:58034,
   AUTHOR = {Ho{\v{r}}ava, Petr},
    TITLE = {Equivariant topological sigma models},
  JOURNAL = {Nuclear Phys. B},
 FJOURNAL = {Nuclear Physics. B},
   VOLUME = {418},
     YEAR = {1994},
   NUMBER = {3},
    PAGES = {571--602},
     ISSN = {0550-3213},
    CODEN = {NUPBBO},
}
@article {MR95i:14049,
   AUTHOR = {Kontsevich, M. and Manin, Yu.},
    TITLE = {Gromov-{W}itten classes, quantum cohomology, and enumerative
             geometry},
  JOURNAL = {Comm. Math. Phys.},
 FJOURNAL = {Communications in Mathematical Physics},
   VOLUME = {164},
     YEAR = {1994},
   NUMBER = {3},
    PAGES = {525--562},
     ISSN = {0010-3616},
    CODEN = {CMPHAY},
}
@book {MR95g:58026,
   AUTHOR = {McDuff, Dusa and Salamon, Dietmar},
    TITLE = {${J}$-holomorphic curves and quantum cohomology},
   SERIES = {University Lecture Series},
   VOLUME = {6},
PUBLISHER = {American Mathematical Society},
  ADDRESS = {Providence, RI},
     YEAR = {1994},
    PAGES = {viii+207},
     ISBN = {0-8218-0332-8},
}
@article {MR95b:58025,
   AUTHOR = {Ruan, Yong Bin and Tian, Gang},
    TITLE = {A mathematical theory of quantum cohomology},
  JOURNAL = {Math. Res. Lett.},
 FJOURNAL = {Mathematical Research Letters},
   VOLUME = {1},
     YEAR = {1994},
   NUMBER = {2},
    PAGES = {269--278},
     ISSN = {1073-2780},
}
@article {MR95a:14037,
   AUTHOR = {Ruan, Yong Bin},
    TITLE = {Symplectic topology on algebraic $3$-folds},
  JOURNAL = {J. Differential Geom.},
 FJOURNAL = {Journal of Differential Geometry},
   VOLUME = {39},
     YEAR = {1994},
   NUMBER = {1},
    PAGES = {215--227},
     ISSN = {0022-040X},
    CODEN = {JDGEAS},
}
@incollection {MR1416351,
   AUTHOR = {Kontsevich, M. and Manin, Yu.},
    TITLE = {Gromov-{W}itten classes, quantum cohomology, and enumerative
             geometry [{M}{R} 95i:14049]},
BOOKTITLE = {Mirror symmetry, II},
    PAGES = {607--653},
   SERIES = {AMS/IP Stud. Adv. Math.},
   VOLUME = {1},
PUBLISHER = {Amer. Math. Soc.},
  ADDRESS = {Providence, RI},
     YEAR = {1997},
}





@misc{Ionel-Parker-sum-formula,
    title = {{The Symplectic Sum Formula for Gromov-Witten Invariants}},
    author = {Eleny-Nicoleta Ionel and Thomas H. Parker},
    note = {arXiv:math.SG/0010217}}

@article {Ionel-Parker-MRL98,
    AUTHOR = {Ionel, Eleny-Nicoleta and Parker, Thomas H.},
     TITLE = {Gromov-{W}itten invariants of symplectic sums},
   JOURNAL = {Math. Res. Lett.},
  FJOURNAL = {Mathematical Research Letters},
    VOLUME = {5},
      YEAR = {1998},
    NUMBER = {5},
     PAGES = {563--576},
      ISSN = {1073-2780},
   MRCLASS = {53D45 (57R17)},
  MRNUMBER = {2000b:53117},
MRREVIEWER = {Jim A. Bryan},
}

@article {Ionel-Parker-Annals2003,
    AUTHOR = {Ionel, Eleny-Nicoleta and Parker, Thomas H.},
     TITLE = {Relative {G}romov-{W}itten invariants},
   JOURNAL = {Ann. of Math. (2)},
  FJOURNAL = {Annals of Mathematics. Second Series},
    VOLUME = {157},
      YEAR = {2003},
    NUMBER = {1},
     PAGES = {45--96},
      ISSN = {0003-486X},
     CODEN = {ANMAAH},
   MRCLASS = {53D45 (57R17 57R57)},
  MRNUMBER = {1 954 264},
}



@misc{Ionel-Parker00,
    title = {{The Symplectic Sum Formula for Gromov-Witten Invariants}},
    author = {Eleny-Nicoleta Ionel and Thomas H. Parker},
    note = {arXiv:math.SG/0010217}}


@unpublished{Io-Pa,
note="Preprint math.SG/9806013",
title="{G}romov-{W}itten Invariants of Symplectic Sums",
author="Eleny-Nicoleta Ionel and Thomas H. Parker",
year=1998}

@inproceedings{Fu-Pa,
author="William Fulton and Rahul Pandharipande",
title="Notes on stable maps and quantum cohomology",
booktitle="Algebraic geometry---{S}anta {C}ruz 1995",
pages="45--96",
series="Proc. Sympos. Pure Math.",
volume=62,
publisher="Amererican Mathematical Society",
address="Providence, RI",
year=1997}

@book{Aluffi,
author="Paolo Aluffi",
title="Quantum cohomology at the {M}ittag-{L}effler {I}nstitute",
publisher="Scuola Normale Superiore",
year=1997,
address="Pisa"}



@article {Si,
    AUTHOR = {Siebert, Bernd},
     TITLE = {Algebraic and symplectic {G}romov-{W}itten invariants
              coincide},
   JOURNAL = {Ann. Inst. Fourier (Grenoble)},
  FJOURNAL = {Universit\'e de Grenoble. Annales de l'Institut Fourier},
    VOLUME = {49},
      YEAR = {1999},
    NUMBER = {6},
     PAGES = {1743--1795},
      ISSN = {0373-0956},
     CODEN = {AIFUA7},
   MRCLASS = {14N35 (32Q65 53D45)},
  MRNUMBER = {2001f:14097},
MRREVIEWER = {Jim A. Bryan},
}

@article {Siebert99,
    AUTHOR = {Siebert, Bernd},
     TITLE = {Algebraic and symplectic {G}romov-{W}itten invariants
              coincide},
   JOURNAL = {Ann. Inst. Fourier (Grenoble)},
  FJOURNAL = {Universit\'e de Grenoble. Annales de l'Institut Fourier},
    VOLUME = {49},
      YEAR = {1999},
    NUMBER = {6},
     PAGES = {1743--1795},
      ISSN = {0373-0956},
     CODEN = {AIFUA7},
   MRCLASS = {14N35 (32Q65 53D45)},
  MRNUMBER = {2001f:14097},
MRREVIEWER = {Jim A. Bryan},
}
   
@MISC{Be-Fa:GWmod,
author="Kai Behrend and Barbara Fantechi",
note="In preparation"}

@article{Mu,
author="Shigeru Mukai",
title="Symplectic structure of the moduli space of sheaves on an {A}belian or {$K3$} surface",
journal="Inventiones Mathematicae",
volume=77,
number=1,
pages="101--116",
year=1984}

@article{Ca-Ha,
author=" Lucia Caporaso and Joe Harris",
title="Counting plane curves of any genus",
journal="Inventiones Mathematicae",
volume=131,
year=1998,
number=2, 
pages="345--392"}

@unpublished{vakil1,	
note="preprint: math.AG/9803007",
title="Enumerative geometry of plane curves of low genus",
year=1998,
author="Ravi Vakil"}
		  
@unpublished{vakil2,
note="preprint: alg-geom/9709004",
title="Genus {$g$} {G}romov-{W}itten invariants of {D}el {P}ezzo surfaces:
		  {C}ounting plane curves with fixed multiple points",
year=1997,
author="Ravi Vakil"}
		  
@article{Rego,
title="The compactified {J}acobian",
author="C. J. Rego",
journal="Ann. scient. Ec. Norm. Sup.",
volume=13,
year=1980,
pages="211--223"}




@article {Br-Le1,
   AUTHOR = {Bryan, Jim and Leung, Naichung Conan},
    TITLE = {The enumerative geometry of ${K}3$ surfaces and modular forms},
  JOURNAL = {J. Amer. Math. Soc.},
 FJOURNAL = {Journal of the American Mathematical Society},
   VOLUME = {13},
     YEAR = {2000},
   NUMBER = {2},
    PAGES = {371--410},
     ISSN = {0894-0347},
  MRCLASS = {14Nxx (11Fxx 14Jxx)},
 MRNUMBER = {1 750 955},
}


@article {Br-Le2,
   AUTHOR = {Bryan, Jim and Leung, Naichung Conan},
    TITLE = {Generating functions for the number of curves on abelian
             surfaces},
  JOURNAL = {Duke Math. J.},
 FJOURNAL = {Duke Mathematical Journal},
   VOLUME = {99},
     YEAR = {1999},
   NUMBER = {2},
    PAGES = {311--328},
     ISSN = {0012-7094},
    CODEN = {DUMJAO},
  MRCLASS = {14Nxx (11Fxx 14Jxx)},
 MRNUMBER = {1 708 022},
}




@inbook{Br-Le3,
author="Jim Bryan and Naichung Conan Leung",
title="Counting curves on irrational surfaces",
 BOOKTITLE = {Surveys in differential geometry: differential geometry
              inspired by string theory},
      NOTE = {A supplement to the Journal of Differential Geometry},
 PUBLISHER = {International Press},
   ADDRESS = {Boston, MA},
      YEAR = {1999},
     PAGES = {viii+569},
      ISBN = {1-57146-070-5},
   MRCLASS = {00B15 (14-06 53-06)},
  MRNUMBER = {1 772 270},
}


@unpublished{Br-Le4,
author="Jim Bryan and Naichung Conan Leung",
title="Counting curves with tangency conditions on the nine-fold blow-up of
{$\mathbf{P}^2$}", 
year=1998,
note="In preparation"}

@unpublished{Er-Ke1,
author="Lars Ernstr{\"o}m and Gary Kennedy",
title="Recursive formulas for the characteristic numbers of rational plane
curves",
year=1996,
note="preprint alg-geom/9604019"}

@unpublished{Er-Ke2,
author="Lars Ernstr{\"o}m and Gary Kennedy",
title="Contact cohomology of the projective plane",
year=1998,
note="preprint alg-geom/9703013"}


@article {Be-Fa,
   AUTHOR = {Behrend, K. and Fantechi, B.},
    TITLE = {The intrinsic normal cone},
  JOURNAL = {Invent. Math.},
 FJOURNAL = {Inventiones Mathematicae},
   VOLUME = {128},
     YEAR = {1997},
   NUMBER = {1},
    PAGES = {45--88},
     ISSN = {0020-9910},
    CODEN = {INVMBH},
}

@unpublished{Kleiman,
author="S. Kleiman and R. Piene",
title="Polynomials enumerating curves with eight nodes or less",
note="In preparation"}



@article {Va,
   AUTHOR = {Vainsencher, Israel},
    TITLE = {Enumeration of $n$-fold tangent hyperplanes to a surface},
  JOURNAL = {J. Algebraic Geom.},
 FJOURNAL = {Journal of Algebraic Geometry},
   VOLUME = {4},
     YEAR = {1995},
   NUMBER = {3},
    PAGES = {503--526},
     ISSN = {1056-3911},
}


@article{Mo-Sz,
author="Zoltan Szab{\'o} and John Morgan",
title="Homotopy {$K3$} surfaces and mod {$2$} {S}eiberg-{W}itten invariants.",
journal=mrl,                  
volume=4,
number=1,
year=1997,
pages="17--21"}
                  
@mastersthesis{Tok,
author="H. Tokui",
title="Compactness of moduli space of monopoes",
year=1997,
school="Kyoto University"}
                  
@unpublished{vafa,
author="M. Bershadsky and V. Sadov and C. Vafa",                  
title="{$D-$}Branes and topological field theories",
year=1995,                
note="Preprint, hep-th/9511222"}                  
                  
@unpublished{Ruan,
title="Virtual neighborhoods  and pseudo-holomorphic curves",
author="Yongbin Ruan",
note="Preprint alg-geom/9611021.",
                  year=1996}
                  
@article{Yau,
author="S.-T. Yau",
title="On the {R}icci curvature of a compact {K\"a}hler manifold and the
                  complex {M}onge {A}mp{\`e}re equation {I}",
journal="Com. Pure and Appl. Math",
volume=31,
pages="339--411",
year=1978}
                  
                  
@unpublished{Giv,
author="Alexander Givental",
title="  Stationary Phase Integrals, Quantum {T}oda Lattices, Flag Manifolds
                  and the Mirror Conjecture. ",
note="Preprint, alg-geom/9612001"}
                
                  


@article {F-G-vS,
   AUTHOR = {Fantechi, B. and G{\"o}ttsche, L. and van Straten, D.},
    TITLE = {Euler number of the compactified {J}acobian and multiplicity of
             rational curves},
  JOURNAL = {J. Algebraic Geom.},
 FJOURNAL = {Journal of Algebraic Geometry},
   VOLUME = {8},
     YEAR = {1999},
   NUMBER = {1},
    PAGES = {115--133},
     ISSN = {1056-3911},
}

@incollection {Kont,
   AUTHOR = {Kontsevich, Maxim},
    TITLE = {Enumeration of rational curves via torus actions},
BOOKTITLE = {The moduli space of curves (Texel Island, 1994)},
    PAGES = {335--368},
   SERIES = {Progr. Math.},
   VOLUME = {129},
PUBLISHER = {Birkh\"auser Boston},
  ADDRESS = {Boston, MA},
     YEAR = {1995},
}

@inproceedings{Man,
author="Yu. I. Manin",
title="Generating functions in algebraic geometry and sums over trees",
booktitle="The moduli space of curves",
year=1995,
editor="R. Dijkgraaf and C. Faber and G. van der Geer",
publisher="Birkhauser",
pages="401--417"
}


@article {Gr-Pa,
   AUTHOR = {Graber, T. and Pandharipande, R.},
    TITLE = {Localization of virtual classes},
  JOURNAL = {Invent. Math.},
 FJOURNAL = {Inventiones Mathematicae},
   VOLUME = {135},
     YEAR = {1999},
   NUMBER = {2},
    PAGES = {487--518},
     ISSN = {0020-9910},
    CODEN = {INVMBH},
}

@article {Gott-conj,
   AUTHOR = {G{\"o}ttsche, Lothar},
    TITLE = {A conjectural generating function for numbers of curves on
             surfaces},
  JOURNAL = {Comm. Math. Phys.},
 FJOURNAL = {Communications in Mathematical Physics},
   VOLUME = {196},
     YEAR = {1998},
   NUMBER = {3},
    PAGES = {523--533},
     ISSN = {0010-3616},
    CODEN = {CMPHAY},
}


@article{Y-Z,
author="S.-T. Yau and E. Zaslow",
note="Also: hep-th/9512121",
title="{BPS} states, string duality, and nodal curves on {$K3$}",
journal="Nuclear Physics B",
volume=471,
number=3,
                  
pages="503--512",
year=1996 } 


@ARTICLE{Gott,
author="L. G{\"o}ttsche",
title="The {B}etti numbers of the {H}ilbert scheme of points on a smooth
projective surface", 
journal="Math. Ann.",
vol=86,
pages="193--207",
year=1990}

@ARTICLE{Ruan-Tian,
author="Y. Ruan and G. Tian",
title="A mathematical theory of quantum cohomology",
journal=jdg,
volume=42,
number=2,
year=1995}

@UNPUBLISHED{Beau,
author="A. Beauville",
title="Counting rational curves on {$K3$} surfaces",
note="Preprint alg-geom/9701019",
year=1997}

@BOOK{abelian,
author="Lange, Herbert and Birkenhake, Christina",
title="Complex abelian varieties",
publisher="Springer-Verlag",
series="Grundlehren der Mathematischen Wissenschaften",
year=1992,
volume=302}

@BOOK{BPV,
author="W. Barth and C. Peters and A. Van de Ven",
title="Compact Complex Surfaces",
publisher="Springer-Verlag",
series="Ergebnisse der Mathematik und ihrer Grenzgebiete",
year=1984,
volume=4}

@BOOK{Fr-Mo,
author="R. Friedman and J. Morgan",
title="Smooth Four-manifolds and Complex Surfaces",
publisher="Springer-Verlag",
series="Ergebnisse der Mathematik und ihrer Grenzgebiete",
year=1994,
volume=27}

@BOOK{Bess,
author="A. Besse",
publisher="Springer-Verlag",
series="Ergebnisse der Mathematik und ihrer Grenzgebiete",
title="Einstein Manifolds",
year=1987,                
volume=10}

@INPROCEEDINGS{Do,
author=skd,
editor="S. K. Donaldson and C. B. Thomas",
publisher="Cambridge University Press",
series="London Mathematical Society Lecture Note Series",
booktitle="Geometry of Low-Dimensional Manifolds: Gauge Theory and
Algebraic Surfaces", number=150,
year=1989,
title="Yang-{M}ills invariants of 4-manifolds"} 



@incollection {Li-Tian,
   AUTHOR = {Li, Jun and Tian, Gang},
    TITLE = {Virtual moduli cycles and {G}romov-{W}itten invariants of
             general symplectic manifolds},
BOOKTITLE = {Topics in symplectic $4$-manifolds (Irvine, CA, 1996)},
    PAGES = {47--83},
PUBLISHER = {Internat. Press, Cambridge, MA},
     YEAR = {1998},
}
@incollection {Li-Tian-SantaCruz,
   AUTHOR = {Li, Jun and Tian, Gang},
    TITLE = {Algebraic and symplectic geometry of {G}romov-{W}itten
             invariants},
BOOKTITLE = {Algebraic geometry---Santa Cruz 1995},
    PAGES = {143--170},
PUBLISHER = {Amer. Math. Soc., Providence, RI},
     YEAR = {1997},
}
@article {Li-Tian2,
   AUTHOR = {Li, Jun and Tian, Gang},
    TITLE = {Virtual moduli cycles and {G}romov-{W}itten invariants of
             algebraic varieties},
  JOURNAL = {J. Amer. Math. Soc.},
 FJOURNAL = {Journal of the American Mathematical Society},
   VOLUME = {11},
     YEAR = {1998},
   NUMBER = {1},
    PAGES = {119--174},
     ISSN = {0894-0347},
}
@article {Li-Tian-homog-var,
   AUTHOR = {Li, Jun and Tian, Gang},
    TITLE = {The quantum cohomology of homogeneous varieties},
  JOURNAL = {J. Algebraic Geom.},
 FJOURNAL = {Journal of Algebraic Geometry},
   VOLUME = {6},
     YEAR = {1997},
   NUMBER = {2},
    PAGES = {269--305},
     ISSN = {1056-3911},
}





@article {Li-Tian3,
    AUTHOR = {Li, Jun and Tian, Gang},
     TITLE = {Comparison of algebraic and symplectic {G}romov-{W}itten
              invariants},
   JOURNAL = {Asian J. Math.},
  FJOURNAL = {The Asian Journal of Mathematics},
    VOLUME = {3},
      YEAR = {1999},
    NUMBER = {3},
     PAGES = {689--728},
      ISSN = {1093-6106},
   MRCLASS = {53D45 (14N35 57R17)},
  MRNUMBER = {2001i:53155},
MRREVIEWER = {David E. Hurtubise},
}


@article {Go-Pa,
   AUTHOR = {G{\"o}ttsche, L. and Pandharipande, R.},
    TITLE = {The quantum cohomology of blow-ups of ${\bf {P}}\sp 2$ and
             enumerative geometry},
  JOURNAL = {J. Differential Geom.},
 FJOURNAL = {Journal of Differential Geometry},
   VOLUME = {48},
     YEAR = {1998},
   NUMBER = {1},
    PAGES = {61--90},
     ISSN = {0022-040X},
    CODEN = {JDGEAS},
}


@article {Rahul-fixedj,
   AUTHOR = {Pandharipande, Rahul},
    TITLE = {Counting elliptic plane curves with fixed $j$-invariant},
  JOURNAL = {Proc. Amer. Math. Soc.},
 FJOURNAL = {Proceedings of the American Mathematical Society},
   VOLUME = {125},
     YEAR = {1997},
   NUMBER = {12},
    PAGES = {3471--3479},
     ISSN = {0002-9939},
    CODEN = {PAMYAR},
}

@PHDTHESIS{GraberThesis,
author="Tom Graber",
title="Enumerative Geometry of Hyperelliptic Plane Curves",
year=1998,
school="University of Chicago"}



@article {Ionel-Parker-RTvsTaubes,
   AUTHOR = {Ionel, Eleny-Nicoleta and Parker, Thomas H.},
    TITLE = {The {G}romov invariants of {R}uan-{T}ian and {T}aubes},
  JOURNAL = {Math. Res. Lett.},
 FJOURNAL = {Mathematical Research Letters},
   VOLUME = {4},
     YEAR = {1997},
   NUMBER = {4},
    PAGES = {521--532},
     ISSN = {1073-2780},
}



@PHDTHESIS{IonelThesis,
author="E. Ionel",
title="Genus one enumerative invariants in {$\mathbf{P}^n$} with fixed
{$\jmath$} invariant",
school="Michigan State",
year=1996}

@unpublished{Li-Liu,
author="T.J. Li and A. Liu",
title="Family {S}eiberg-{W}itten invariant",
                  year=1997,
note="Preprint."}

@MISC{Ionel1,
author="E. Ionel",
note="Personal communication"}

@UNPUBLISHED{Kr,
author=pbk,
title="Some non-trivial families of symplectic structures",
note="Preprint",
year=1997}

@unpublished{Chen,
author="Xi Chen",
title="Rational curves on {$K3$} surfaces",
note="Preprint math.AG/9804075",
year=1998}




@incollection {Bat,
   AUTHOR = {Batyrev, Victor V.},
    TITLE = {Birational {C}alabi-{Y}au $n$-folds have equal {B}etti numbers},
BOOKTITLE = {New trends in algebraic geometry (Warwick, 1996)},
    PAGES = {1--11},
PUBLISHER = {Cambridge Univ. Press},
  ADDRESS = {Cambridge},
     YEAR = {1999},
  MRCLASS = {14Jxx},
 MRNUMBER = {1 714 818},
}

@BOOK{Fulton,
author="W. Fulton",
title="Introduction to Toric Varieties", publisher=pup,
year=1993,
series="Annals of Mathematics Studies",
number=131}

@BOOK{Hartshorne,
author="R. Hartshorne",
title="Algebraic Geometry",
publisher="Springer-Verlag",
series="Graduate Texts in Mathematics",
number=52,
year=1977}

@BOOK{LawsMich,
author="H. B. Lawson and M.-L. Michelsohn", title="Spin Geometry",
publisher=pup,
year=1989,
series="Princeton Mathematics Series",
number=38}

@UNPUBLISHED{Bando,
author="S. Bando",
note="Preprint",
title="Einstein-Hermitian metrics on non-compact {K\"a}hler manifolds"} 

@PHDTHESIS{GuoThes,
title="Differential Geometry of Holomorphic Bundles", author="G.-Y. Guo",
school="Oxford University",
year=1992}

@BOOK{Gunning, title="Introduction to Holomorphic Functions of Several Variables",
volume="III",
author="R. C. Gunning",
year=1990,
publisher="Brooks/Cole Publishing Co."}

@INPROCEEDINGS{Knorrer,
editor="J. {M}c{K}ay",
publisher="American Mathematical Society", author="H. Kn{\"o}rrer",
series="Contemporary Mathematics",
booktitle="Finite Groups -- Coming of Age", number=45,
year=1985,
title="Group Representations and the resolution of rational double points"} 

@BOOK{MMR,
author="J. W. Morgan, T. S. Mrowka and D. Ruberman", title="The {$L^2$}-Moduli Space and a Vanishing Theorem for Donaldson 
Polynomial Invariants",
year=1994,
publisher="International Press",
series="Monographs in Geometry and Topology", number="II"}


@ARTICLE{FuSteer,
author="M. Furuta and B. Steer",
title="Seifert Fibered Homology 3-spheres and the {Y}ang-{M}ills Equations
on {R}iemann Surfaces with Marked Points", 
journal="Advances in Mathematics",
vol=96,
pages="38-102",
year=1992}

@ARTICLE{LockMcO,
author="R. Lockhart and R. McOwen",
title="Elliptic differential operators on non-compact manifolds", 
journal="Annali di Scuola Norm. Sup. de Pisa", volume="IV-12",
year=1985,
pages="409-448"}

@ARTICLE{GonzSprinVerd,
author="G. Gonzalez-Sprinberg and J.-L. Verdier", title="Construction G\'eom\'etrique de la Correspondance de 
{M}c{K}ay",
journal="Ann. Scient. {\'E}c. Norm. Sup.", year=1983,
series=4,
vol=16,
pages="409-449"}

@ARTICLE{ArtVerd,
title="Reflexive Modules over Rational Double Points", author="M. Artin and J.-L. Verdier",
journal="Math. Ann.",
volume=270,
pages="79-82",
year=1985}


@BOOK{DonKron,
author="S. K. Donaldson and P. B. Kronheimer", title="The Geometry of Four-Manifolds",
publisher="Oxford University Press",
year=1990,
series="Oxford Mathematical Monographs"} 


@ARTICLE{APSI,
author="M. F. Atiyah and V. K. Patodi and I. M. Singer", title="Spectral
Asymmetry and {R}iemannian Geometry, {I}", 
journal="Math. Proc. Camb. Phil. Soc.",
year=1975,
volume=77,
pages="43-69"}

@ARTICLE{KM:PolyStruct,
author="P. B. Kronheimer and T. S. Mrowka", 
title="Embedded Surfaces and the Structure of {D}onaldson's Polynomial 
Invariants",
journal=jdg,
vol=3,
year=1995,
pages="573-734"}

@ARTICLE{KM,
author="P. B. Kronheimer and T. S. Mrowka", title="The genus of embedded surfaces in the projective plane",
journal=mrl,
volume=1,
year=1994,
pages="797-808"}

@UNPUBLISHED{MST,
author="J. W. Morgan, Z. Szab\'o, and C. H. Taubes", title="The Generalized
Thom Conjecture", note="Preprint."} 

@UNPUBLISHED{MrNotes,
author="T. S. Mrowka",
title="{S}eiberg-{W}itten Invariants for Four-Manifolds", 
note="Lectures at
Harvard University."} 

@ARTICLE{TauSymp,
author="C. H. Taubes",
title="The {S}eiberg-{W}itten invariants and symplectic forms",
journal=mrl, 
volume=1,
year=1994,
pages="809-822"}


@article{TaubesCounting,
author=cht,
title="Counting pseudo-holomorphic submanifolds in dimension 4",
journal=jdg,
volume=44,
year=1996,
number=4, 
pages="818--893"}

@article{TauSWGromov,
author=cht,
title="{SW$\Rightarrow$Gr}: from the {S}eiberg-{W}itten equations to
pseudo-holomorphic curves",
journal=jams,
volume=9,
year=1996,
number=3,
page="845--918"}

@article{TaubesSWisGromov,
author=cht,
title="The {S}eiberg-{W}itten and {G}romov invariants",
journal=mrl,
volume=2,
year=1995,
number=2,
page="221--238"}


@article{Lucia,
author="Lucia Caporaso",
title="A compactification of the universal {Picard} variety over the moduli
space of stable curves",
journal=jams,
volume=7,
year=1994,
number=3, 
page="589--660"}



@ARTICLE{Witten,
author="E. Witten",
title="Monopoles and four-manifolds",
journal=mrl,
volume=1,
year=1994,
pages="769-796"}

@article{Mo-Te,
author="B. Moishezon and M. Teicher",
title="Simply connected algebraic surfaces of positive index", 
journal="Invent. Math.",
year=1987,
volume=89,
pages="601-643"}

@misc{Ruan-IPlecture,
author="Y. Ruan",
note="I.P. Lecture",
month="Feb.",
year=1996}

@ARTICLE{KM:PolyStruct,
author="P. B. Kronheimer and T. S. Mrowka", title="Embedded Surfaces and
the Structure of {D}onaldson's Polynomial  
Invariants",
journal=jdg,
vol=3,
year=1995,
pages="573-734"}

@ARTICLE{Kr-Mr-genus,
author="P. B. Kronheimer and T. S. Mrowka", 
title="The genus of embedded surfaces in the projective plane",
journal=mrl,
volume=1,
year=1994,
pages="797-808"}

@UNPUBLISHED{M-S-T,
author="J. W. Morgan and Z. Szab\'o and C. H. Taubes", title="The Generalized
{T}hom Conjecture", note="Preprint."}

@UNPUBLISHED{MrNotes,
author="T. S. Mrowka",
title="{S}eiberg-{W}itten Invariants for Four-Manifolds", note="Lectures at
Harvard University."} 

@ARTICLE{Bryan,
author="Jim Bryan",
title=" Symplectic Geometry and the Relative 
{D}onaldson Invariants of {$\overline{\mathbf{ CP}}^2$}",
journal="Forum Mathematicum",
volume=9,
year=1997,
pages="325--365"}



@ARTICLE{Tau-stable,
author="Cliff Taubes",
title=" The stable topology of self-dual moduli spaces",
year=1989,
journal=jdg,
volume=29
}


@article {Br-Sa2,
   AUTHOR = {Bryan, Jim and Sanders, Marc},
    TITLE = {Instantons on ${S}^4$ and {$\overline{\mathbf {CP}}^2$}, rank stabilization, and {B}ott periodicity},
  JOURNAL = {Topology},
 FJOURNAL = {Topology. An International Journal of Mathematics},
   VOLUME = {39},
     YEAR = {2000},
   NUMBER = {2},
    PAGES = {331--352},
     ISSN = {0040-9383},
    CODEN = {TPLGAF},
  MRCLASS = {58Dxx (14Dxx 57Rxx)},
 MRNUMBER = {1 722 012},
}

@article {Br-Sa1,
   AUTHOR = {Bryan, Jim and Sanders, Marc},
    TITLE = {The rank stable topology of instantons of {$\overline{\mathbf
             {CP}}^2$}},
  JOURNAL = {Proc. Amer. Math. Soc.},
 FJOURNAL = {Proceedings of the American Mathematical Society},
   VOLUME = {125},
     YEAR = {1997},
   NUMBER = {12},
    PAGES = {3763--3768},
     ISSN = {0002-9939},
    CODEN = {PAMYAR},
  MRCLASS = {58D27 (55P15 58B05)},
 MRNUMBER = {98b:58028},
   MRREVR = {Vicente Mu\~noz},
}


@UNPUBLISHED{Furuta,
author="M. Furuta",
title=" Monopole equation and the
$\tfrac{11}{8}$-conjecture.",
note="Preprint.",
year=1995}

@article{Hs-Sz,
author=" W.C.Hsiang and R.H.Szczarba",
title=" On embedding
surfaces in four-manifolds.",
journal="Proceedings of the Symposium of Pure Math",
volume=22,
year=1971,
pages="97--103"}

@article{Ko-Ma,
author=" Kotschick, D. and Mat\'ic, G.",
title=" Embedded surfaces
in four-manifolds, branched covers, and {$SO(3)$}-invariants",
journal="Mathematical Proceedings of the Cambridge Philosophical Society",
year=1995,
volume=117}

@article{Mik,
author="G. Mikhalkin",
title="Surfaces of small genus in connected sums of $\mathbf{CP}^2$ and
real algebraic curves with many nests in {$\mathbf{RP}^2$}.",
journal="Contempory Mathematics",
volume=182,
year=1995}

@article{Ro,
author="Rokhlin",
title=" Two-dimensional submanifolds of
four-dimensional manifolds",
journal="Functional Analysis and Applications.",
volume=6,
year=1971,
pages="93--48"}

@article{F-S-Immersed,
author="Ron Fintushel and Ron Stern",
title=" Immersed Spheres in
4-Manifolds and the Immersed {T}hom Conjecture",
journal="Turkish Journal of Mathematics",
volume=20,
number=1,
year=1996}





@article {Br-spinaction,
   AUTHOR = {Bryan, Jim},
    TITLE = {Seiberg-{W}itten theory and {${\bf {Z}}/2^p$} actions on spin
             $4$-manifolds},
  JOURNAL = {Math. Res. Lett.},
 FJOURNAL = {Mathematical Research Letters},
   VOLUME = {5},
     YEAR = {1998},
   NUMBER = {1-2},
    PAGES = {165--183},
     ISSN = {1073-2780},
  MRCLASS = {57R57 (57M60 57R95 58G10)},
 MRNUMBER = {99f:57036},
   MRREVR = {Paolo Lisca},
}
@incollection {Br-Ta,
   AUTHOR = {Taubes, C. H. and Bryan, J.},
    TITLE = {Donaldson-{F}loer theory},
BOOKTITLE = {Gauge theory and the topology of four-manifolds (Park City, UT,
             1994)},
    PAGES = {195--221},
PUBLISHER = {Amer. Math. Soc.},
  ADDRESS = {Providence, RI},
     YEAR = {1998},
  MRCLASS = {57R57 (57N13 57R55 58D29)},
 MRNUMBER = {98m:57042},
   MRREVR = {Vicente Mu\~noz},
}

@article {Br-genus,
   AUTHOR = {Bryan, Jim},
    TITLE = {Seiberg-{W}itten \`a la {F}uruta and genus bounds for classes
             with divisibility},
  JOURNAL = {Turkish J. Math.},
 FJOURNAL = {Turkish Journal of Mathematics},
   VOLUME = {21},
     YEAR = {1997},
   NUMBER = {1},
    PAGES = {55--59},
     ISSN = {1300-0098},
  MRCLASS = {57R95 (57N13 57R40 57R57)},
 MRNUMBER = {98d:57061},
   MRREVR = {Tedi C. Draghici},
}

@article {Br-We,
   AUTHOR = {Bryan, James A. and Wentworth, Richard},
    TITLE = {The multi-monopole equations for {K}\"ahler surfaces},
  JOURNAL = {Turkish J. Math.},
 FJOURNAL = {Turkish Journal of Mathematics},
   VOLUME = {20},
     YEAR = {1996},
   NUMBER = {1},
    PAGES = {119--128},
     ISSN = {1300-0098},
  MRCLASS = {58D27 (32J27 57R57)},
 MRNUMBER = {97i:58021},
   MRREVR = {Steven B. Bradlow},
}

@article {Br-Ca-Py,
   AUTHOR = {Bryan, James A. and Carroll, Sean M. and Pyne, Ted},
    TITLE = {Texture bestiary: from symmetry-breaking patterns to
             topological field configurations},
  JOURNAL = {Phys. Rev. D (3)},
 FJOURNAL = {Physical Review. D. Third Series},
   VOLUME = {50},
     YEAR = {1994},
   NUMBER = {4},
    PAGES = {2806--2818},
     ISSN = {0556-2821},
    CODEN = {PRVDAQ},
  MRCLASS = {81R99 (55Q05 81T99)},
 MRNUMBER = {95g:81091},
   MRREVR = {Randy A. Baadhio},
}



@article {Ta-Me,
    AUTHOR = {Meng, Guowu and Taubes, Clifford Henry},
     TITLE = {$\underline{\rm {S}{W}}=$ {M}ilnor torsion},
   JOURNAL = {Math. Res. Lett.},
  FJOURNAL = {Mathematical Research Letters},
    VOLUME = {3},
      YEAR = {1996},
    NUMBER = {5},
     PAGES = {661--674},
      ISSN = {1073-2780},
   MRCLASS = {},
  MRNUMBER = {98j:57049},
MRREVIEWER = {Gordana Mati{\'c}},
}



\end{thebibliography}


%end of file
